%% This BibTeX bibliography file was created using BibDesk.
%% http://bibdesk.sourceforge.net/

%% Created for Renato Pajarola at 2017-03-09 08:29:59 +0100

%% Saved with string encoding Unicode (UTF-8)



@book{EHKRW:06,
	Author = {Klaus Engel and Markus Hadwiger and Joe M. Kniss and Christof Rezk-Salama and Daniel Weiskopf},
	Date-Added = {2017-03-09 07:29:54 +0000},
	Date-Modified = {2017-03-09 07:29:54 +0000},
	Keywords = {visualization, volume rendering},
	Publisher = {AK Peters},
	Title = {Real-Time Volume Graphics},
	Year = {2006}}

@article{optix,
     author = {Steven G. Parker and James Bigler and Andreas Dietrich and Heiko Friedrich and Jared Hoberock and David Luebke and  David McAllister and Morgan McGuire and Keith Morley and Austin Robison and Martin Stich},
     title = {{OptiX: A General Purpose Ray Tracing Engine}},
     year = {2010},
     month = {August},
     journal = {ACM Transactions on Graphics}}

@article{ospray,
    author={I. Wald and G. Johnson and J. Amstutz and C. Brownlee and A. Knoll and J. Jeffers and J. GÃ¼nther and P. Navratil},
    journal={IEEE Transactions on Visualization and Computer Graphics},
    title={{OSPRay - A CPU Ray Tracing Framework for Scientific Visualization}},
    year={2017},
    volume={23},
    number={1},
    pages={931-940},
    keywords={ray tracing;rendering (computer graphics);scientific information systems;HPC resources;OSPRay;SIMD widths;device backends;high-level API simplicity;modular device support;production-use scientific visualization;rasterization-based visualization;rendering;scientific data;scientific visualization workflows;turn-key CPU ray tracing;visualization workloads;Computational modeling;Data models;Data visualization;Graphics processing units;Pipelines;Ray tracing;Rendering (computer graphics)},
    doi={10.1109/TVCG.2016.2599041},
    ISSN={1077-2626},
    month={Jan}}

@article{GEMPG:13,
	Author = {Goswami, Prashant and Erol, Fatih and Mukhi, Rahul and Pajarola, Renato and Gobbetti, Enrico},
	Date-Added = {2017-01-16 10:11:19 +0000},
	Date-Modified = {2017-01-16 10:11:19 +0000},
	Journal = {The Visual Computer},
	Keywords = {graphics, point-based, parallel rendering, multiresolution, level-of-detail, out-of-core, equalizer, large scale},
	Number = {1},
	Pages = {69--83},
	Title = {An Efficient Multiresolution Framework for High Quality Interactive Rendering of Massive Point Clouds using Multi-way kd-Trees},
	Url = {http://dx.doi.org/10.1007/s00371-012-0675-2},
	Volume = {29},
	Year = {2013},
	Bdsk-File-1 = {YnBsaXN0MDDUAQIDBAUGJCVYJHZlcnNpb25YJG9iamVjdHNZJGFyY2hpdmVyVCR0b3ASAAGGoKgHCBMUFRYaIVUkbnVsbNMJCgsMDxJXTlMua2V5c1pOUy5vYmplY3RzViRjbGFzc6INDoACgAOiEBGABIAFgAdccmVsYXRpdmVQYXRoWWFsaWFzRGF0YV8QLi4uLy4uLy4uLy4uL1BhcGVycy9UVkMgMjAxMy9IaWdoUXVhbGl0eVBCUi5wZGbSFwsYGVdOUy5kYXRhTxEBrAAAAAABrAACAAAIRWZmcmFmYXgAAAAAAAAAAAAAAAAAAAAAAAAA0BeitEgrAAAAHsiUEkhpZ2hRdWFsaXR5UEJSLnBkZgAAAAAAAAAAAAAAAAAAAAAAAAAAAAAAAAAAAAAAAAAAAAAAAAAAAAAAAAAAAAAeyKTLaRSpAAAAAAAAAAAABAADAAAJIAAAAAAAAAAAAAAAAAAAAAhUVkMgMjAxMwAQAAgAANAXhpQAAAARAAgAAMtpBpkAAAABABQAHsiUAB6j3QAeA/EAGJl/ABiYLgACAEhFZmZyYWZheDpVc2VyczoAcGFqYXJvbGE6AFJlc2VhcmNoOgBQYXBlcnM6AFRWQyAyMDEzOgBIaWdoUXVhbGl0eVBCUi5wZGYADgAmABIASABpAGcAaABRAHUAYQBsAGkAdAB5AFAAQgBSAC4AcABkAGYADwASAAgARQBmAGYAcgBhAGYAYQB4ABIAOlVzZXJzL3BhamFyb2xhL1Jlc2VhcmNoL1BhcGVycy9UVkMgMjAxMy9IaWdoUXVhbGl0eVBCUi5wZGYAEwABLwAAFQACAA///wAAgAbSGxwdHlokY2xhc3NuYW1lWCRjbGFzc2VzXU5TTXV0YWJsZURhdGGjHR8gVk5TRGF0YVhOU09iamVjdNIbHCIjXE5TRGljdGlvbmFyeaIiIF8QD05TS2V5ZWRBcmNoaXZlctEmJ1Ryb290gAEACAARABoAIwAtADIANwBAAEYATQBVAGAAZwBqAGwAbgBxAHMAdQB3AIQAjgC/AMQAzAJ8An4CgwKOApcCpQKpArACuQK+AssCzgLgAuMC6AAAAAAAAAIBAAAAAAAAACgAAAAAAAAAAAAAAAAAAALq},
	Bdsk-Url-1 = {http://dx.doi.org/10.1007/s00371-012-0675-2}}

@inproceedings{GMBP:10,
	Author = {Goswami, Prashant and Makhinya, Maxim and B{\"o}sch, Jonas and Pajarola, Renato},
	Booktitle = {Proceedings Eurographics Symposium on Parallel Graphics and Visualization},
	Date-Added = {2017-01-16 10:11:12 +0000},
	Date-Modified = {2017-01-16 10:11:12 +0000},
	Keywords = {visualization, parallel rendering, load balancing, out-of-core, terrain rendering, equalizer, large scale},
	Pages = {63--71},
	Title = {Scalable Parallel Out-of-core Terrain Rendering},
	Year = {2010},
	Bdsk-File-1 = {YnBsaXN0MDDUAQIDBAUGJCVYJHZlcnNpb25YJG9iamVjdHNZJGFyY2hpdmVyVCR0b3ASAAGGoKgHCBMUFRYaIVUkbnVsbNMJCgsMDxJXTlMua2V5c1pOUy5vYmplY3RzViRjbGFzc6INDoACgAOiEBGABIAFgAdccmVsYXRpdmVQYXRoWWFsaWFzRGF0YV8QRi4uLy4uLy4uLy4uL1BhcGVycy8yMDEwL0VHUEdWMjAxMCBUZXJyYWluL1BhcmFsbGVsVGVycmFpblJlbmRlcmluZy5wZGbSFwsYGVdOUy5kYXRhTxECAAAAAAACAAACAAAIRWZmcmFmYXgAAAAAAAAAAAAAAAAAAAAAAAAA0BeitEgrAAAAHq7VHFBhcmFsbGVsVGVycmFpblJlbmRlcmluZy5wZGYAAAAAAAAAAAAAAAAAAAAAAAAAAAAAAAAAAAAAAAAAAAAAAAAerxDHzkXXAAAAAAAAAAAABAAEAAAJIAAAAAAAAAAAAAAAAAAAABFFR1BHVjIwMTAgVGVycmFpbgAAEAAIAADQF4aUAAAAEQAIAADHzjfHAAAAAQAYAB6u1QAermwAHqPdAB4D8QAYmX8AGJguAAIAYUVmZnJhZmF4OlVzZXJzOgBwYWphcm9sYToAUmVzZWFyY2g6AFBhcGVyczoAMjAxMDoARUdQR1YyMDEwIFRlcnJhaW46AFBhcmFsbGVsVGVycmFpblJlbmRlcmluZy5wZGYAAA4AOgAcAFAAYQByAGEAbABsAGUAbABUAGUAcgByAGEAaQBuAFIAZQBuAGQAZQByAGkAbgBnAC4AcABkAGYADwASAAgARQBmAGYAcgBhAGYAYQB4ABIAUlVzZXJzL3BhamFyb2xhL1Jlc2VhcmNoL1BhcGVycy8yMDEwL0VHUEdWMjAxMCBUZXJyYWluL1BhcmFsbGVsVGVycmFpblJlbmRlcmluZy5wZGYAEwABLwAAFQACAA///wAAgAbSGxwdHlokY2xhc3NuYW1lWCRjbGFzc2VzXU5TTXV0YWJsZURhdGGjHR8gVk5TRGF0YVhOU09iamVjdNIbHCIjXE5TRGljdGlvbmFyeaIiIF8QD05TS2V5ZWRBcmNoaXZlctEmJ1Ryb290gAEACAARABoAIwAtADIANwBAAEYATQBVAGAAZwBqAGwAbgBxAHMAdQB3AIQAjgDXANwA5ALoAuoC7wL6AwMDEQMVAxwDJQMqAzcDOgNMA08DVAAAAAAAAAIBAAAAAAAAACgAAAAAAAAAAAAAAAAAAANW}}

@article{HA:98,
	Author = {Heirich, Alan and Arvo, James},
	Date-Added = {2016-02-17 13:54:02 +0000},
	Date-Modified = {2016-02-17 13:55:22 +0000},
	Doi = {10.1023/A:1007977326603},
	Journal = {The Journal of Supercomputing},
	Keywords = {graphics, parallel rendering, load balancing, ray tracing, image processing, diffusion},
	Number = {1-2},
	Pages = {57--68},
	Title = {A Competitive Analysis of Load Balancing Strategies for Parallel Ray Tracing},
	Volume = {12},
	Year = {1998},
	Bdsk-Url-1 = {http://dx.doi.org/10.1023/A:1007977326603}}

@article{Whitman:94,
	Author = {Whitman, Scott},
	Date-Added = {2014-02-05 17:41:27 +0000},
	Date-Modified = {2014-02-05 17:41:27 +0000},
	Journal = {IEEE Computer Graphics and Applications},
	Keywords = {graphics, parallel rendering},
	Number = {4},
	Pages = {41--48},
	Title = {Dynamic Load Balancing for Parallel Polygon Rendering},
	Volume = {14},
	Year = {1994},
	Bdsk-File-1 = {YnBsaXN0MDDUAQIDBAUGJCVYJHZlcnNpb25YJG9iamVjdHNZJGFyY2hpdmVyVCR0b3ASAAGGoKgHCBMUFRYaIVUkbnVsbNMJCgsMDxJXTlMua2V5c1pOUy5vYmplY3RzViRjbGFzc6INDoACgAOiEBGABIAFgAdccmVsYXRpdmVQYXRoWWFsaWFzRGF0YV8QZi4uLy4uLy4uLy4uL1BhcGVycyBvdGhlcnMvUmVuZGVyaW5nL1BhcmFsbGVsL0R5bmFtaWMgTG9hZCBCYWxhbmNpbmcgZm9yIFBhcmFsbGVsIFBvbHlnb24gUmVuZGVyaW5nLnBkZtIXCxgZV05TLmRhdGFPEQJWAAAAAAJWAAIAAAhFZmZyYWZheAAAAAAAAAAAAAAAAAAAAAAAAADQF6K0SCsAAAAezw8fRHluYW1pYyBMb2FkIEJhbGFuY2kjMUVDRjFELnBkZgAAAAAAAAAAAAAAAAAAAAAAAAAAAAAAAAAAAAAAAAAAAB7PHctxcg4AAAAAAAAAAAAEAAQAAAkgAAAAAAAAAAAAAAAAAAAACFBhcmFsbGVsABAACAAA0BeGlAAAABEACAAAy3Fj/gAAAAEAGAAezw8AHs8IAB7JGQAeA/EAGJl/ABiYLgACAGdFZmZyYWZheDpVc2VyczoAcGFqYXJvbGE6AFJlc2VhcmNoOgBQYXBlcnMgb3RoZXJzOgBSZW5kZXJpbmc6AFBhcmFsbGVsOgBEeW5hbWljIExvYWQgQmFsYW5jaSMxRUNGMUQucGRmAAAOAHQAOQBEAHkAbgBhAG0AaQBjACAATABvAGEAZAAgAEIAYQBsAGEAbgBjAGkAbgBnACAAZgBvAHIAIABQAGEAcgBhAGwAbABlAGwAIABQAG8AbAB5AGcAbwBuACAAUgBlAG4AZABlAHIAaQBuAGcALgBwAGQAZgAPABIACABFAGYAZgByAGEAZgBhAHgAEgByVXNlcnMvcGFqYXJvbGEvUmVzZWFyY2gvUGFwZXJzIG90aGVycy9SZW5kZXJpbmcvUGFyYWxsZWwvRHluYW1pYyBMb2FkIEJhbGFuY2luZyBmb3IgUGFyYWxsZWwgUG9seWdvbiBSZW5kZXJpbmcucGRmABMAAS8AABUAAgAP//8AAIAG0hscHR5aJGNsYXNzbmFtZVgkY2xhc3Nlc11OU011dGFibGVEYXRhox0fIFZOU0RhdGFYTlNPYmplY3TSGxwiI1xOU0RpY3Rpb25hcnmiIiBfEA9OU0tleWVkQXJjaGl2ZXLRJidUcm9vdIABAAgAEQAaACMALQAyADcAQABGAE0AVQBgAGcAagBsAG4AcQBzAHUAdwCEAI4A9wD8AQQDXgNgA2UDcAN5A4cDiwOSA5sDoAOtA7ADwgPFA8oAAAAAAAACAQAAAAAAAAAoAAAAAAAAAAAAAAAAAAADzA==}}

@inproceedings{Whitman:93,
	Author = {Whitman, Scott},
	Booktitle = {Proceedings ACM Symposium on Parallel Rendering},
	Date-Added = {2014-02-05 17:41:23 +0000},
	Date-Modified = {2014-02-05 17:41:23 +0000},
	Keywords = {graphics, parallel rendering, load balancing},
	Pages = {27--34},
	Title = {A Task Adaptive Parallel Graphics Renderer},
	Year = {1993},
	Bdsk-File-1 = {YnBsaXN0MDDUAQIDBAUGJCVYJHZlcnNpb25YJG9iamVjdHNZJGFyY2hpdmVyVCR0b3ASAAGGoKgHCBMUFRYaIVUkbnVsbNMJCgsMDxJXTlMua2V5c1pOUy5vYmplY3RzViRjbGFzc6INDoACgAOiEBGABIAFgAdccmVsYXRpdmVQYXRoWWFsaWFzRGF0YV8QPC4uLy4uLy4uLy4uL1BhcGVycyBvdGhlcnMvUmVuZGVyaW5nL1BhcmFsbGVsL3AyNy13aGl0bWFuLnBkZtIXCxgZV05TLmRhdGFPEQHIAAAAAAHIAAIAAAhFZmZyYWZheAAAAAAAAAAAAAAAAAAAAAAAAADQF6K0SCsAAAAezw8PcDI3LXdoaXRtYW4ucGRmAAAAAAAAAAAAAAAAAAAAAAAAAAAAAAAAAAAAAAAAAAAAAAAAAAAAAAAAAAAAAAAAAB7PLctxcg4AAAAAAAAAAAAEAAQAAAkgAAAAAAAAAAAAAAAAAAAACFBhcmFsbGVsABAACAAA0BeGlAAAABEACAAAy3Fj/gAAAAEAGAAezw8AHs8IAB7JGQAeA/EAGJl/ABiYLgACAFdFZmZyYWZheDpVc2VyczoAcGFqYXJvbGE6AFJlc2VhcmNoOgBQYXBlcnMgb3RoZXJzOgBSZW5kZXJpbmc6AFBhcmFsbGVsOgBwMjctd2hpdG1hbi5wZGYAAA4AIAAPAHAAMgA3AC0AdwBoAGkAdABtAGEAbgAuAHAAZABmAA8AEgAIAEUAZgBmAHIAYQBmAGEAeAASAEhVc2Vycy9wYWphcm9sYS9SZXNlYXJjaC9QYXBlcnMgb3RoZXJzL1JlbmRlcmluZy9QYXJhbGxlbC9wMjctd2hpdG1hbi5wZGYAEwABLwAAFQACAA///wAAgAbSGxwdHlokY2xhc3NuYW1lWCRjbGFzc2VzXU5TTXV0YWJsZURhdGGjHR8gVk5TRGF0YVhOU09iamVjdNIbHCIjXE5TRGljdGlvbmFyeaIiIF8QD05TS2V5ZWRBcmNoaXZlctEmJ1Ryb290gAEACAARABoAIwAtADIANwBAAEYATQBVAGAAZwBqAGwAbgBxAHMAdQB3AIQAjgDNANIA2gKmAqgCrQK4AsECzwLTAtoC4wLoAvUC+AMKAw0DEgAAAAAAAAIBAAAAAAAAACgAAAAAAAAAAAAAAAAAAAMU}}

@inproceedings{EEP:11,
	Author = {Erol, Fatih and Eilemann, Stefan and Pajarola, Renato},
	Booktitle = {Proceedings Eurographics Symposium on Parallel Graphics and Visualization},
	Date-Added = {2014-02-05 17:39:40 +0000},
	Date-Modified = {2014-02-05 17:39:40 +0000},
	Keywords = {visualization, parallel rendering, load balancing, equalizer},
	Pages = {41--50},
	Title = {Cross-Segment Load Balancing in Parallel Rendering},
	Year = {2011},
	Bdsk-File-1 = {YnBsaXN0MDDUAQIDBAUGJCVYJHZlcnNpb25YJG9iamVjdHNZJGFyY2hpdmVyVCR0b3ASAAGGoKgHCBMUFRYaIVUkbnVsbNMJCgsMDxJXTlMua2V5c1pOUy5vYmplY3RzViRjbGFzc6INDoACgAOiEBGABIAFgAdccmVsYXRpdmVQYXRoWWFsaWFzRGF0YV8QKi4uLy4uLy4uLy4uL1BhcGVycy8yMDExL0VHUEdWMjAxMS9DU0xCLnBkZtIXCxgZV05TLmRhdGFPEQGYAAAAAAGYAAIAAAhFZmZyYWZheAAAAAAAAAAAAAAAAAAAAAAAAADQF6K0SCsAAAAesbEIQ1NMQi5wZGYAAAAAAAAAAAAAAAAAAAAAAAAAAAAAAAAAAAAAAAAAAAAAAAAAAAAAAAAAAAAAAAAAAAAAAAAAAB6xssmaswQAAAAAAAAAAAAEAAQAAAkgAAAAAAAAAAAAAAAAAAAACUVHUEdWMjAxMQAAEAAIAADQF4aUAAAAEQAIAADJmqT0AAAAAQAYAB6xsQAesa8AHqPdAB4D8QAYmX8AGJguAAIARUVmZnJhZmF4OlVzZXJzOgBwYWphcm9sYToAUmVzZWFyY2g6AFBhcGVyczoAMjAxMToARUdQR1YyMDExOgBDU0xCLnBkZgAADgASAAgAQwBTAEwAQgAuAHAAZABmAA8AEgAIAEUAZgBmAHIAYQBmAGEAeAASADZVc2Vycy9wYWphcm9sYS9SZXNlYXJjaC9QYXBlcnMvMjAxMS9FR1BHVjIwMTEvQ1NMQi5wZGYAEwABLwAAFQACAA///wAAgAbSGxwdHlokY2xhc3NuYW1lWCRjbGFzc2VzXU5TTXV0YWJsZURhdGGjHR8gVk5TRGF0YVhOU09iamVjdNIbHCIjXE5TRGljdGlvbmFyeaIiIF8QD05TS2V5ZWRBcmNoaXZlctEmJ1Ryb290gAEACAARABoAIwAtADIANwBAAEYATQBVAGAAZwBqAGwAbgBxAHMAdQB3AIQAjgC7AMAAyAJkAmYCawJ2An8CjQKRApgCoQKmArMCtgLIAssC0AAAAAAAAAIBAAAAAAAAACgAAAAAAAAAAAAAAAAAAALS}}

@inproceedings{HXS:09,
	Author = {Hui, Chang and Xiaoyong, Lei and Shuling, Dai},
	Booktitle = {Proceedings IEEE International Conference on Computer Science and Information Technology},
	Date-Added = {2014-02-05 17:38:50 +0000},
	Date-Modified = {2014-02-05 17:38:50 +0000},
	Keywords = {graphics, parallel rendering, load balancing, equalizer},
	Pages = {515--519},
	Title = {A Dynamic Load Balancing Algorithm for Sort-first Rendering Clusters},
	Year = {2009},
	Bdsk-File-1 = {YnBsaXN0MDDUAQIDBAUGJCVYJHZlcnNpb25YJG9iamVjdHNZJGFyY2hpdmVyVCR0b3ASAAGGoKgHCBMUFRYaIVUkbnVsbNMJCgsMDxJXTlMua2V5c1pOUy5vYmplY3RzViRjbGFzc6INDoACgAOiEBGABIAFgAdccmVsYXRpdmVQYXRoWWFsaWFzRGF0YV8QOC4uLy4uLy4uLy4uL1BhcGVycyBvdGhlcnMvUmVuZGVyaW5nL1BhcmFsbGVsL2h1aTIwMDkucGRm0hcLGBlXTlMuZGF0YU8RAbgAAAAAAbgAAgAACEVmZnJhZmF4AAAAAAAAAAAAAAAAAAAAAAAAANAXorRIKwAAAB7PDwtodWkyMDA5LnBkZgAAAAAAAAAAAAAAAAAAAAAAAAAAAAAAAAAAAAAAAAAAAAAAAAAAAAAAAAAAAAAAAAAAAAAAHs8ly3FyDgAAAAAAAAAAAAQABAAACSAAAAAAAAAAAAAAAAAAAAAIUGFyYWxsZWwAEAAIAADQF4aUAAAAEQAIAADLcWP+AAAAAQAYAB7PDwAezwgAHskZAB4D8QAYmX8AGJguAAIAU0VmZnJhZmF4OlVzZXJzOgBwYWphcm9sYToAUmVzZWFyY2g6AFBhcGVycyBvdGhlcnM6AFJlbmRlcmluZzoAUGFyYWxsZWw6AGh1aTIwMDkucGRmAAAOABgACwBoAHUAaQAyADAAMAA5AC4AcABkAGYADwASAAgARQBmAGYAcgBhAGYAYQB4ABIARFVzZXJzL3BhamFyb2xhL1Jlc2VhcmNoL1BhcGVycyBvdGhlcnMvUmVuZGVyaW5nL1BhcmFsbGVsL2h1aTIwMDkucGRmABMAAS8AABUAAgAP//8AAIAG0hscHR5aJGNsYXNzbmFtZVgkY2xhc3Nlc11OU011dGFibGVEYXRhox0fIFZOU0RhdGFYTlNPYmplY3TSGxwiI1xOU0RpY3Rpb25hcnmiIiBfEA9OU0tleWVkQXJjaGl2ZXLRJidUcm9vdIABAAgAEQAaACMALQAyADcAQABGAE0AVQBgAGcAagBsAG4AcQBzAHUAdwCEAI4AyQDOANYCkgKUApkCpAKtArsCvwLGAs8C1ALhAuQC9gL5Av4AAAAAAAACAQAAAAAAAAAoAAAAAAAAAAAAAAAAAAADAA==}}

@article{NC:07,
	Author = {Niski, Krzysztof and Cohen, Jonathan~D.},
	Date-Added = {2014-02-05 17:38:26 +0000},
	Date-Modified = {2014-02-05 17:38:26 +0000},
	Journal = {IEEE Transactions on Visualization and Computer Graphics},
	Keywords = {graphics, parallel rendering, level-of-detail, tiled display, load balancing},
	Month = {November/December},
	Number = {6},
	Pages = {1352--1359},
	Title = {Tile-based Level of Detail for the Parallel Age},
	Volume = {13},
	Year = {2007}}

@inproceedings{MWMS:07,
	Author = {Moloney, Brendan and Weiskopf, Daniel and M{\"o}ller, Torsten and Strengert, Magnus},
	Booktitle = {Proceedings Eurographics Symposium on Parallel Graphics and Visualization},
	Date-Added = {2014-02-05 17:38:26 +0000},
	Date-Modified = {2014-02-05 17:38:26 +0000},
	Keywords = {visualization, parallel rendering, volume rendering, load balancing},
	Pages = {45--52},
	Title = {Scalable Sort-First Parallel Direct Volume Rendering with Dynamic Load Balancing},
	Year = {2007},
	Bdsk-File-1 = {YnBsaXN0MDDUAQIDBAUGJCVYJHZlcnNpb25YJG9iamVjdHNZJGFyY2hpdmVyVCR0b3ASAAGGoKgHCBMUFRYaIVUkbnVsbNMJCgsMDxJXTlMua2V5c1pOUy5vYmplY3RzViRjbGFzc6INDoACgAOiEBGABIAFgAdccmVsYXRpdmVQYXRoWWFsaWFzRGF0YV8QQC4uLy4uLy4uLy4uL1BhcGVycyBvdGhlcnMvUmVuZGVyaW5nL1BhcmFsbGVsL2VncGd2MDctbW9sb25leS5wZGbSFwsYGVdOUy5kYXRhTxEB2AAAAAAB2AACAAAIRWZmcmFmYXgAAAAAAAAAAAAAAAAAAAAAAAAA0BeitEgrAAAAHs8PE2VncGd2MDctbW9sb25leS5wZGYAAAAAAAAAAAAAAAAAAAAAAAAAAAAAAAAAAAAAAAAAAAAAAAAAAAAAAAAAAAAezyHLcXIOAAAAAAAAAAAABAAEAAAJIAAAAAAAAAAAAAAAAAAAAAhQYXJhbGxlbAAQAAgAANAXhpQAAAARAAgAAMtxY/4AAAABABgAHs8PAB7PCAAeyRkAHgPxABiZfwAYmC4AAgBbRWZmcmFmYXg6VXNlcnM6AHBhamFyb2xhOgBSZXNlYXJjaDoAUGFwZXJzIG90aGVyczoAUmVuZGVyaW5nOgBQYXJhbGxlbDoAZWdwZ3YwNy1tb2xvbmV5LnBkZgAADgAoABMAZQBnAHAAZwB2ADAANwAtAG0AbwBsAG8AbgBlAHkALgBwAGQAZgAPABIACABFAGYAZgByAGEAZgBhAHgAEgBMVXNlcnMvcGFqYXJvbGEvUmVzZWFyY2gvUGFwZXJzIG90aGVycy9SZW5kZXJpbmcvUGFyYWxsZWwvZWdwZ3YwNy1tb2xvbmV5LnBkZgATAAEvAAAVAAIAD///AACABtIbHB0eWiRjbGFzc25hbWVYJGNsYXNzZXNdTlNNdXRhYmxlRGF0YaMdHyBWTlNEYXRhWE5TT2JqZWN00hscIiNcTlNEaWN0aW9uYXJ5oiIgXxAPTlNLZXllZEFyY2hpdmVy0SYnVHJvb3SAAQAIABEAGgAjAC0AMgA3AEAARgBNAFUAYABnAGoAbABuAHEAcwB1AHcAhACOANEA1gDeAroCvALBAswC1QLjAucC7gL3AvwDCQMMAx4DIQMmAAAAAAAAAgEAAAAAAAAAKAAAAAAAAAAAAAAAAAAAAyg=}}

@inproceedings{MMD:06,
	Author = {Marchesin, St{\'e}phane and Mongenet, Catherine and Dischler, Jean-Michel},
	Booktitle = {Proceedings Eurographics Symposium on Parallel Graphics and Visualization},
	Date-Added = {2014-02-05 17:38:26 +0000},
	Date-Modified = {2014-02-05 17:38:26 +0000},
	Keywords = {visualization, parallel rendering, volume rendering, load balancing},
	Pages = {43--50},
	Title = {Dynamic Load Balancing for Parallel Volume Rendering},
	Year = {2006},
	Bdsk-File-1 = {YnBsaXN0MDDUAQIDBAUGJCVYJHZlcnNpb25YJG9iamVjdHNZJGFyY2hpdmVyVCR0b3ASAAGGoKgHCBMUFRYaIVUkbnVsbNMJCgsMDxJXTlMua2V5c1pOUy5vYmplY3RzViRjbGFzc6INDoACgAOiEBGABIAFgAdccmVsYXRpdmVQYXRoWWFsaWFzRGF0YV8QOC4uLy4uLy4uLy4uL1BhcGVycyBvdGhlcnMvUmVuZGVyaW5nL1BhcmFsbGVsL2VncGd2MDYucGRm0hcLGBlXTlMuZGF0YU8RAbgAAAAAAbgAAgAACEVmZnJhZmF4AAAAAAAAAAAAAAAAAAAAAAAAANAXorRIKwAAAB7PDwtlZ3BndjA2LnBkZgAAAAAAAAAAAAAAAAAAAAAAAAAAAAAAAAAAAAAAAAAAAAAAAAAAAAAAAAAAAAAAAAAAAAAAHs8gy3FyDgAAAAAAAAAAAAQABAAACSAAAAAAAAAAAAAAAAAAAAAIUGFyYWxsZWwAEAAIAADQF4aUAAAAEQAIAADLcWP+AAAAAQAYAB7PDwAezwgAHskZAB4D8QAYmX8AGJguAAIAU0VmZnJhZmF4OlVzZXJzOgBwYWphcm9sYToAUmVzZWFyY2g6AFBhcGVycyBvdGhlcnM6AFJlbmRlcmluZzoAUGFyYWxsZWw6AGVncGd2MDYucGRmAAAOABgACwBlAGcAcABnAHYAMAA2AC4AcABkAGYADwASAAgARQBmAGYAcgBhAGYAYQB4ABIARFVzZXJzL3BhamFyb2xhL1Jlc2VhcmNoL1BhcGVycyBvdGhlcnMvUmVuZGVyaW5nL1BhcmFsbGVsL2VncGd2MDYucGRmABMAAS8AABUAAgAP//8AAIAG0hscHR5aJGNsYXNzbmFtZVgkY2xhc3Nlc11OU011dGFibGVEYXRhox0fIFZOU0RhdGFYTlNPYmplY3TSGxwiI1xOU0RpY3Rpb25hcnmiIiBfEA9OU0tleWVkQXJjaGl2ZXLRJidUcm9vdIABAAgAEQAaACMALQAyADcAQABGAE0AVQBgAGcAagBsAG4AcQBzAHUAdwCEAI4AyQDOANYCkgKUApkCpAKtArsCvwLGAs8C1ALhAuQC9gL5Av4AAAAAAAACAQAAAAAAAAAoAAAAAAAAAAAAAAAAAAADAA==}}

@inproceedings{ACCC:04,
	Author = {Abraham, Frederico and Celes, Waldemar and Cerqueira, Renato and Campos, Joao Luiz},
	Booktitle = {Proceedings SIBGRAPI},
	Date-Added = {2014-02-05 17:36:51 +0000},
	Date-Modified = {2014-02-05 17:36:51 +0000},
	Keywords = {visualization, parallel rendering, load balancing},
	Pages = {292--299},
	Title = {A Load-balancing Strategy for Sort-first Distributed Rendering},
	Year = {2004},
	Bdsk-File-1 = {YnBsaXN0MDDUAQIDBAUGJCVYJHZlcnNpb25YJG9iamVjdHNZJGFyY2hpdmVyVCR0b3ASAAGGoKgHCBMUFRYaIVUkbnVsbNMJCgsMDxJXTlMua2V5c1pOUy5vYmplY3RzViRjbGFzc6INDoACgAOiEBGABIAFgAdccmVsYXRpdmVQYXRoWWFsaWFzRGF0YV8QPC4uLy4uLy4uLy4uL1BhcGVycyBvdGhlcnMvUmVuZGVyaW5nL1BhcmFsbGVsL2FicmFoYW0yMDA0LnBkZtIXCxgZV05TLmRhdGFPEQHIAAAAAAHIAAIAAAhFZmZyYWZheAAAAAAAAAAAAAAAAAAAAAAAAADQF6K0SCsAAAAezw8PYWJyYWhhbTIwMDQucGRmAAAAAAAAAAAAAAAAAAAAAAAAAAAAAAAAAAAAAAAAAAAAAAAAAAAAAAAAAAAAAAAAAB7PEctxcg4AAAAAAAAAAAAEAAQAAAkgAAAAAAAAAAAAAAAAAAAACFBhcmFsbGVsABAACAAA0BeGlAAAABEACAAAy3Fj/gAAAAEAGAAezw8AHs8IAB7JGQAeA/EAGJl/ABiYLgACAFdFZmZyYWZheDpVc2VyczoAcGFqYXJvbGE6AFJlc2VhcmNoOgBQYXBlcnMgb3RoZXJzOgBSZW5kZXJpbmc6AFBhcmFsbGVsOgBhYnJhaGFtMjAwNC5wZGYAAA4AIAAPAGEAYgByAGEAaABhAG0AMgAwADAANAAuAHAAZABmAA8AEgAIAEUAZgBmAHIAYQBmAGEAeAASAEhVc2Vycy9wYWphcm9sYS9SZXNlYXJjaC9QYXBlcnMgb3RoZXJzL1JlbmRlcmluZy9QYXJhbGxlbC9hYnJhaGFtMjAwNC5wZGYAEwABLwAAFQACAA///wAAgAbSGxwdHlokY2xhc3NuYW1lWCRjbGFzc2VzXU5TTXV0YWJsZURhdGGjHR8gVk5TRGF0YVhOU09iamVjdNIbHCIjXE5TRGljdGlvbmFyeaIiIF8QD05TS2V5ZWRBcmNoaXZlctEmJ1Ryb290gAEACAARABoAIwAtADIANwBAAEYATQBVAGAAZwBqAGwAbgBxAHMAdQB3AIQAjgDNANIA2gKmAqgCrQK4AsECzwLTAtoC4wLoAvUC+AMKAw0DEgAAAAAAAAIBAAAAAAAAACgAAAAAAAAAAAAAAAAAAAMU}}

@article{DK:11,
	Annote = {Framework to develop apps for multitile, thus targeted specifically for tiled-wall visualization systems: grid configuration, scalability (?), multiple work sessions, multiuser events. Master-slave approach like Eq. with grid nodes running instances of the application. Is maybe more like a GLUT and window replacement, or enhancement to deal with the OpenGL contexts and events.},
	Author = {Doerr, Kai-Uwe and Kuester, Falko},
	Date-Added = {2014-02-04 15:15:18 +0000},
	Date-Modified = {2014-02-04 15:15:18 +0000},
	Journal = {IEEE Transactions on Visualization and Computer Graphics},
	Keywords = {visualization, parallel rendering, compositing},
	Month = {March},
	Number = {2},
	Pages = {320--332},
	Title = {{CGLX}: A Scalable, High-Performance Visualization Framework for Networked Display Environments},
	Volume = {17},
	Year = {2011},
	Bdsk-File-1 = {YnBsaXN0MDDUAQIDBAUGJCVYJHZlcnNpb25YJG9iamVjdHNZJGFyY2hpdmVyVCR0b3ASAAGGoKgHCBMUFRYaIVUkbnVsbNMJCgsMDxJXTlMua2V5c1pOUy5vYmplY3RzViRjbGFzc6INDoACgAOiEBGABIAFgAdccmVsYXRpdmVQYXRoWWFsaWFzRGF0YV8QNS4uLy4uLy4uLy4uL1BhcGVycyBvdGhlcnMvUmVuZGVyaW5nL1BhcmFsbGVsL0NHTFgucGRm0hcLGBlXTlMuZGF0YU8RAawAAAAAAawAAgAACEVmZnJhZmF4AAAAAAAAAAAAAAAAAAAAAAAAANAXorRIKwAAAB7PDwhDR0xYLnBkZgAAAAAAAAAAAAAAAAAAAAAAAAAAAAAAAAAAAAAAAAAAAAAAAAAAAAAAAAAAAAAAAAAAAAAAAAAAHs8Uy3FyDgAAAAAAAAAAAAQABAAACSAAAAAAAAAAAAAAAAAAAAAIUGFyYWxsZWwAEAAIAADQF4aUAAAAEQAIAADLcWP+AAAAAQAYAB7PDwAezwgAHskZAB4D8QAYmX8AGJguAAIAUEVmZnJhZmF4OlVzZXJzOgBwYWphcm9sYToAUmVzZWFyY2g6AFBhcGVycyBvdGhlcnM6AFJlbmRlcmluZzoAUGFyYWxsZWw6AENHTFgucGRmAA4AEgAIAEMARwBMAFgALgBwAGQAZgAPABIACABFAGYAZgByAGEAZgBhAHgAEgBBVXNlcnMvcGFqYXJvbGEvUmVzZWFyY2gvUGFwZXJzIG90aGVycy9SZW5kZXJpbmcvUGFyYWxsZWwvQ0dMWC5wZGYAABMAAS8AABUAAgAP//8AAIAG0hscHR5aJGNsYXNzbmFtZVgkY2xhc3Nlc11OU011dGFibGVEYXRhox0fIFZOU0RhdGFYTlNPYmplY3TSGxwiI1xOU0RpY3Rpb25hcnmiIiBfEA9OU0tleWVkQXJjaGl2ZXLRJidUcm9vdIABAAgAEQAaACMALQAyADcAQABGAE0AVQBgAGcAagBsAG4AcQBzAHUAdwCEAI4AxgDLANMCgwKFAooClQKeAqwCsAK3AsACxQLSAtUC5wLqAu8AAAAAAAACAQAAAAAAAAAoAAAAAAAAAAAAAAAAAAAC8Q==}}

@article{EMP:09,
	Author = {Eilemann, Stefan and Makhinya, Maxim and Pajarola, Renato},
	Date-Added = {2009-09-10 15:37:26 +0200},
	Date-Modified = {2009-09-10 15:37:26 +0200},
	Journal = {IEEE Transactions on Visualization and Computer Graphics},
	Keywords = {graphics, visualization, parallel rendering},
	Month = {May/June},
	Number = {3},
	Pages = {436--452},
	Title = {Equalizer: A Scalable Parallel Rendering Framework},
	Volume = {15},
	Year = {2009},
	Bdsk-File-1 = {YnBsaXN0MDDUAQIDBAUGJCVYJHZlcnNpb25YJG9iamVjdHNZJGFyY2hpdmVyVCR0b3ASAAGGoKgHCBMUFRYaIVUkbnVsbNMJCgsMDxJXTlMua2V5c1pOUy5vYmplY3RzViRjbGFzc6INDoACgAOiEBGABIAFgAdccmVsYXRpdmVQYXRoWWFsaWFzRGF0YV8QMy4uLy4uLy4uLy4uL1BhcGVycy9JRUVFIFRWQ0cgMjAwOS9FcXVhbGl6ZXJJRUVFLnBkZtIXCxgZV05TLmRhdGFPEQG8AAAAAAG8AAIAAAhFZmZyYWZheAAAAAAAAAAAAAAAAAAAAAAAAADQF6K0SCsAAAAev+oRRXF1YWxpemVySUVFRS5wZGYAAAAAAAAAAAAAAAAAAAAAAAAAAAAAAAAAAAAAAAAAAAAAAAAAAAAAAAAAAAAAAB7AMcXyTTQAAAAAAAAAAAAEAAMAAAkgAAAAAAAAAAAAAAAAAAAADklFRUUgVFZDRyAyMDA5ABAACAAA0BeGlAAAABEACAAAxfI/JAAAAAEAFAAev+oAHqPdAB4D8QAYmX8AGJguAAIATUVmZnJhZmF4OlVzZXJzOgBwYWphcm9sYToAUmVzZWFyY2g6AFBhcGVyczoASUVFRSBUVkNHIDIwMDk6AEVxdWFsaXplcklFRUUucGRmAAAOACQAEQBFAHEAdQBhAGwAaQB6AGUAcgBJAEUARQBFAC4AcABkAGYADwASAAgARQBmAGYAcgBhAGYAYQB4ABIAP1VzZXJzL3BhamFyb2xhL1Jlc2VhcmNoL1BhcGVycy9JRUVFIFRWQ0cgMjAwOS9FcXVhbGl6ZXJJRUVFLnBkZgAAEwABLwAAFQACAA///wAAgAbSGxwdHlokY2xhc3NuYW1lWCRjbGFzc2VzXU5TTXV0YWJsZURhdGGjHR8gVk5TRGF0YVhOU09iamVjdNIbHCIjXE5TRGljdGlvbmFyeaIiIF8QD05TS2V5ZWRBcmNoaXZlctEmJ1Ryb290gAEACAARABoAIwAtADIANwBAAEYATQBVAGAAZwBqAGwAbgBxAHMAdQB3AIQAjgDEAMkA0QKRApMCmAKjAqwCugK+AsUCzgLTAuAC4wL1AvgC/QAAAAAAAAIBAAAAAAAAACgAAAAAAAAAAAAAAAAAAAL/}}

@inproceedings{EMPGLEW:97,
	Author = {Eyles, John and Molnar, Steven and Poulton, John and Greer, Trey and Lastra, Anselmo and England, Nick and Westover, Lee},
	Booktitle = {Proceedings of the ACM SIGGRAPH/EUROGRAPHICS Workshop on Graphics Hardware},
	Date-Added = {2009-08-11 10:04:01 +0200},
	Date-Modified = {2009-08-11 10:04:01 +0200},
	Keywords = {graphics, parallel rendering, image compositing},
	Pages = {57--68},
	Title = {{PixelFlow}: The realization},
	Year = {1997},
	Bdsk-Url-1 = {http://doi.acm.org/10.1145/258694.258714}}

@inproceedings{MEP:92,
	Author = {Steven Molnar and John Eyles and John Poulton},
	Booktitle = {Proceedings ACM SIGGRAPH},
	Date-Added = {2009-08-11 10:04:01 +0200},
	Date-Modified = {2009-08-11 10:04:01 +0200},
	Keywords = {graphics, image compositing, parallel rendering},
	Pages = {231--240},
	Title = {{PixelFlow}: High-speed rendering using image composition},
	Year = {1992},
	Bdsk-Url-1 = {http://doi.acm.org/10.1145/133994.134067}}

@inproceedings{ISH:98,
	Author = {Homan Igehy and Gordon Stoll and Pat Hanrahan},
	Booktitle = {Proceedings ACM SIGGRAPH},
	Date-Added = {2009-08-11 10:03:16 +0200},
	Date-Modified = {2009-08-11 10:03:16 +0200},
	Pages = {141--150},
	Title = {The Design of a Parallel Graphics Interface},
	Year = {1998}}

@techreport{BBFZ:00,
	Author = {William Blanke and Chandrajit Bajaj and DonaldFussel and Xiaoyu Zhang},
	Date-Added = {2009-08-11 10:02:19 +0200},
	Date-Modified = {2009-08-11 10:02:19 +0200},
	Institution = {University of Texas at Austin},
	Keywords = {graphics, parallel rendering, hardware},
	Number = {TR2000-16},
	Title = {The Metabuffer: A Scalable Multi-Resolution 3-D Graphics System Using Commodity Rendering Engines},
	Year = {2000}}

@inproceedings{LPCRKPGADGSF:00,
	Abstract = {We describe a hardware and software system for digitizing the
shape and color of large fragile objects under non-laboratory conditions.
Our system employs laser triangulation rangefinders, laser
time-of-flight rangefinders, digital still cameras, and a suite of software
for acquiring, aligning, merging, and viewing scanned data.
As a demonstration of this system, we digitized 10 statues by
Michelangelo, including the well-known figure of David, two building
interiors, and all 1,163 extant fragments of the Forma Urbis
Romae, a giant marble map of ancient Rome. Our largest single
dataset is of the David - 2 billion polygons and 7,000 color images.
In this paper, we discuss the challenges we faced in building this
system, the solutions we employed, and the lessons we learned. We
focus in particular on the unusual design of our laser triangulation
scanner and on the algorithms and software we developed for handling
very large scanned models.
},
	Author = {Levoy, Marc and Pulli, Kari and Curless, Brian and Rusinkiewicz, Szymon and Koller, David and Pereira, Lucas and Ginzton, Matt and Anderson, Sean and Davis, James and Ginsberg, Jeremy and Shade, Jonathan and Fulk, Duane},
	Booktitle = {Proceedings ACM SIGGRAPH},
	Date-Added = {2009-08-11 10:01:50 +0200},
	Date-Modified = {2009-08-11 10:01:50 +0200},
	Local-Url = {file://localhost/Users/pajarola/Research/Papers%20others/Meshes/Reconstruction/DigitalMichelangelo.pdf},
	Organization = {ACM SIGGRAPH},
	Pages = {131--144},
	Title = {The Digital {M}ichelangelo Project: {3D} Scanning of Large Statues},
	Url = {http://graphics.stanford.edu/papers/dmich-sig00/dmich-sig00-nogamma-comp-low.pdf},
	Year = {2000},
	Bdsk-File-1 = {YnBsaXN0MDDUAQIDBAUGJCVYJHZlcnNpb25YJG9iamVjdHNZJGFyY2hpdmVyVCR0b3ASAAGGoKgHCBMUFRYaIVUkbnVsbNMJCgsMDxJXTlMua2V5c1pOUy5vYmplY3RzViRjbGFzc6INDoACgAOiEBGABIAFgAdccmVsYXRpdmVQYXRoWWFsaWFzRGF0YV8QTy4uLy4uLy4uLy4uL1BhcGVycyBvdGhlcnMvTWVzaGVzL1N1cmZhY2UgUmVjb25zdHJ1Y3Rpb24vRGlnaXRhbE1pY2hlbGFuZ2Vsby5wZGbSFwsYGVdOUy5kYXRhTxECDAAAAAACDAACAAAIRWZmcmFmYXgAAAAAAAAAAAAAAAAAAAAAAAAA0BeitEgrAAAAHs5QF0RpZ2l0YWxNaWNoZWxhbmdlbG8ucGRmAAAAAAAAAAAAAAAAAAAAAAAAAAAAAAAAAAAAAAAAAAAAAAAAAAAAAAAezljLcXIOAAAAAAAAAAAABAAEAAAJIAAAAAAAAAAAAAAAAAAAABZTdXJmYWNlIFJlY29uc3RydWN0aW9uABAACAAA0BeGlAAAABEACAAAy3Fj/gAAAAEAGAAezlAAHs31AB7JGQAeA/EAGJl/ABiYLgACAGpFZmZyYWZheDpVc2VyczoAcGFqYXJvbGE6AFJlc2VhcmNoOgBQYXBlcnMgb3RoZXJzOgBNZXNoZXM6AFN1cmZhY2UgUmVjb25zdHJ1Y3Rpb246AERpZ2l0YWxNaWNoZWxhbmdlbG8ucGRmAA4AMAAXAEQAaQBnAGkAdABhAGwATQBpAGMAaABlAGwAYQBuAGcAZQBsAG8ALgBwAGQAZgAPABIACABFAGYAZgByAGEAZgBhAHgAEgBbVXNlcnMvcGFqYXJvbGEvUmVzZWFyY2gvUGFwZXJzIG90aGVycy9NZXNoZXMvU3VyZmFjZSBSZWNvbnN0cnVjdGlvbi9EaWdpdGFsTWljaGVsYW5nZWxvLnBkZgAAEwABLwAAFQACAA///wAAgAbSGxwdHlokY2xhc3NuYW1lWCRjbGFzc2VzXU5TTXV0YWJsZURhdGGjHR8gVk5TRGF0YVhOU09iamVjdNIbHCIjXE5TRGljdGlvbmFyeaIiIF8QD05TS2V5ZWRBcmNoaXZlctEmJ1Ryb290gAEACAARABoAIwAtADIANwBAAEYATQBVAGAAZwBqAGwAbgBxAHMAdQB3AIQAjgDgAOUA7QL9Av8DBAMPAxgDJgMqAzEDOgM/A0wDTwNhA2QDaQAAAAAAAAIBAAAAAAAAACgAAAAAAAAAAAAAAAAAAANr},
	Bdsk-Url-1 = {http://graphics.stanford.edu/papers/dmich-sig00/dmich-sig00-nogamma-comp-low.pdf}}

@inproceedings{MOMKKLNS:01,
	Author = {Shigeru Muraki and Masato Ogata and Kwan-Liu Ma and Kenji Koshizuka and Kagenori Kajihara and Xuezhen Liu and Yasutada Nagano and Kazuro Shimokawa},
	Booktitle = {Proceedings ACM/IEEE Conference on Supercomputing},
	Date-Added = {2009-08-11 10:00:57 +0200},
	Date-Modified = {2009-08-11 10:00:57 +0200},
	Keywords = {visualization, parallel rendering, hardware},
	Pages = {51--51},
	Title = {Next-generation Visual Supercomputing Using {PC} Clusters with Volume Graphics Hardware Devices},
	Year = {2001}}

@inproceedings{ZBB:01,
	Author = {Xiaoyu Zhang and Chandrajit Bajaj and William Blanke},
	Booktitle = {Proceedings IEEE Symposium on Parallel and Large Data Visualization and Graphics},
	Date-Added = {2009-08-11 10:00:15 +0200},
	Date-Modified = {2009-08-11 10:00:15 +0200},
	Keywords = {visualization, parallel rendering, isosurfaces},
	Pages = {51--58},
	Title = {Scalable Isosurface Visualization of Massive Datasets on {COTS} Clusters},
	Year = {2001}}

@inproceedings{SEPWBLCTHH:01,
	Author = {Gordon Stoll and Matthew Eldridge and Dan Patterson and Art Webb and Steven Berman and Richard Levy and Chris Caywood and Milton Taveira and Stephen Hunt and Pat Hanrahan},
	Booktitle = {Proceedings ACM SIGGRAPH},
	Date-Added = {2009-08-11 09:59:33 +0200},
	Date-Modified = {2009-08-11 09:59:33 +0200},
	Keywords = {graphics, parallel rendering, hardware},
	Pages = {141--148},
	Title = {{Lightning-2}: A High-performance Display Subsystem for {PC} Clusters},
	Year = {2001}}

@article{TIH:03,
	Author = {Akira Takeuchi and Fumihiko Ino and Kenichi Hagihara},
	Date-Added = {2009-08-11 09:57:29 +0200},
	Date-Modified = {2009-08-11 09:57:29 +0200},
	Journal = {Parallel Computing},
	Keywords = {graphics, parallel rendering, image compositing, compression},
	Number = {11-12},
	Pages = {1745--1762},
	Title = {An Improved Binary-swap Compositing for Sort-last Parallel Rendering on Distributed Memory Multiprocessors},
	Volume = {29},
	Year = {2003}}

@article{SKN:04,
	Author = {Kentaro Sano and Yusuke Kobayashi and Tadao Nakamura},
	Date-Added = {2009-08-11 09:56:18 +0200},
	Date-Modified = {2009-08-11 09:56:18 +0200},
	Journal = {Parallel Computing},
	Keywords = {graphics, parallel rendering, image compositing, compression},
	Number = {2},
	Pages = {285--299},
	Title = {Differential Coding Scheme for Efficient Parallel Image Composition on a PC Cluster System},
	Volume = {30},
	Year = {2004}}

@inproceedings{BHPB:03,
	Author = {Bethel, Wes~E. and Humphreys, Greg and Paul, Brian and Brederson, J.~Dean},
	Booktitle = {Proceedings IEEE Symposium on Parallel and Large-Data Visualization and Graphics},
	Date-Added = {2008-06-11 12:03:54 +0200},
	Date-Modified = {2008-06-11 12:03:54 +0200},
	Keywords = {visualization, parallel rendering},
	Pages = {41--50},
	Title = {Sort-First, Distributed Memory Parallel Visualization and Rendering},
	Year = {2003},
	Bdsk-File-1 = {YnBsaXN0MDDUAQIDBAUGJCVYJHZlcnNpb25YJG9iamVjdHNZJGFyY2hpdmVyVCR0b3ASAAGGoKgHCBMUFRYaIVUkbnVsbNMJCgsMDxJXTlMua2V5c1pOUy5vYmplY3RzViRjbGFzc6INDoACgAOiEBGABIAFgAdccmVsYXRpdmVQYXRoWWFsaWFzRGF0YV8QRS4uLy4uLy4uLy4uL1BhcGVycyBvdGhlcnMvUmVuZGVyaW5nL1BhcmFsbGVsL1NvcnRGaXJzdERpc3RyaWJ1dGVkLnBkZtIXCxgZV05TLmRhdGFPEQHsAAAAAAHsAAIAAAhFZmZyYWZheAAAAAAAAAAAAAAAAAAAAAAAAADQF6K0SCsAAAAezw8YU29ydEZpcnN0RGlzdHJpYnV0ZWQucGRmAAAAAAAAAAAAAAAAAAAAAAAAAAAAAAAAAAAAAAAAAAAAAAAAAAAAAB7PPMtxcg4AAAAAAAAAAAAEAAQAAAkgAAAAAAAAAAAAAAAAAAAACFBhcmFsbGVsABAACAAA0BeGlAAAABEACAAAy3Fj/gAAAAEAGAAezw8AHs8IAB7JGQAeA/EAGJl/ABiYLgACAGBFZmZyYWZheDpVc2VyczoAcGFqYXJvbGE6AFJlc2VhcmNoOgBQYXBlcnMgb3RoZXJzOgBSZW5kZXJpbmc6AFBhcmFsbGVsOgBTb3J0Rmlyc3REaXN0cmlidXRlZC5wZGYADgAyABgAUwBvAHIAdABGAGkAcgBzAHQARABpAHMAdAByAGkAYgB1AHQAZQBkAC4AcABkAGYADwASAAgARQBmAGYAcgBhAGYAYQB4ABIAUVVzZXJzL3BhamFyb2xhL1Jlc2VhcmNoL1BhcGVycyBvdGhlcnMvUmVuZGVyaW5nL1BhcmFsbGVsL1NvcnRGaXJzdERpc3RyaWJ1dGVkLnBkZgAAEwABLwAAFQACAA///wAAgAbSGxwdHlokY2xhc3NuYW1lWCRjbGFzc2VzXU5TTXV0YWJsZURhdGGjHR8gVk5TRGF0YVhOU09iamVjdNIbHCIjXE5TRGljdGlvbmFyeaIiIF8QD05TS2V5ZWRBcmNoaXZlctEmJ1Ryb290gAEACAARABoAIwAtADIANwBAAEYATQBVAGAAZwBqAGwAbgBxAHMAdQB3AIQAjgDWANsA4wLTAtUC2gLlAu4C/AMAAwcDEAMVAyIDJQM3AzoDPwAAAAAAAAIBAAAAAAAAACgAAAAAAAAAAAAAAAAAAANB}}

@inproceedings{SWNH:03,
	Author = {Staadt, Oliver~G. and Walker, Justin and Nuber, Christof and Hamann, Bernd},
	Booktitle = {Proceedings Eurographics Workshop on Virtual Environments},
	Date-Added = {2008-02-05 14:33:11 +0100},
	Date-Modified = {2008-02-05 14:33:11 +0100},
	Keywords = {graphics, parallel rendering},
	Local-Url = {file://localhost/Users/pajarola/Research/Papers%20others/Rendering/Parallel/Staadt_EGVE03.pdf},
	Pages = {261--270},
	Title = {A Survey and Performance Analysis of Software Platforms for Interactive Cluster-Based Multi-Screen Rendering},
	Year = {2003},
	Bdsk-File-1 = {YnBsaXN0MDDUAQIDBAUGJCVYJHZlcnNpb25YJG9iamVjdHNZJGFyY2hpdmVyVCR0b3ASAAGGoKgHCBMUFRYaIVUkbnVsbNMJCgsMDxJXTlMua2V5c1pOUy5vYmplY3RzViRjbGFzc6INDoACgAOiEBGABIAFgAdccmVsYXRpdmVQYXRoWWFsaWFzRGF0YV8QPi4uLy4uLy4uLy4uL1BhcGVycyBvdGhlcnMvUmVuZGVyaW5nL1BhcmFsbGVsL1N0YWFkdF9FR1ZFMDMucGRm0hcLGBlXTlMuZGF0YU8RAdAAAAAAAdAAAgAACEVmZnJhZmF4AAAAAAAAAAAAAAAAAAAAAAAAANAXorRIKwAAAB7PDxFTdGFhZHRfRUdWRTAzLnBkZgAAAAAAAAAAAAAAAAAAAAAAAAAAAAAAAAAAAAAAAAAAAAAAAAAAAAAAAAAAAAAAHs8+y3FyDgAAAAAAAAAAAAQABAAACSAAAAAAAAAAAAAAAAAAAAAIUGFyYWxsZWwAEAAIAADQF4aUAAAAEQAIAADLcWP+AAAAAQAYAB7PDwAezwgAHskZAB4D8QAYmX8AGJguAAIAWUVmZnJhZmF4OlVzZXJzOgBwYWphcm9sYToAUmVzZWFyY2g6AFBhcGVycyBvdGhlcnM6AFJlbmRlcmluZzoAUGFyYWxsZWw6AFN0YWFkdF9FR1ZFMDMucGRmAAAOACQAEQBTAHQAYQBhAGQAdABfAEUARwBWAEUAMAAzAC4AcABkAGYADwASAAgARQBmAGYAcgBhAGYAYQB4ABIASlVzZXJzL3BhamFyb2xhL1Jlc2VhcmNoL1BhcGVycyBvdGhlcnMvUmVuZGVyaW5nL1BhcmFsbGVsL1N0YWFkdF9FR1ZFMDMucGRmABMAAS8AABUAAgAP//8AAIAG0hscHR5aJGNsYXNzbmFtZVgkY2xhc3Nlc11OU011dGFibGVEYXRhox0fIFZOU0RhdGFYTlNPYmplY3TSGxwiI1xOU0RpY3Rpb25hcnmiIiBfEA9OU0tleWVkQXJjaGl2ZXLRJidUcm9vdIABAAgAEQAaACMALQAyADcAQABGAE0AVQBgAGcAagBsAG4AcQBzAHUAdwCEAI4AzwDUANwCsAKyArcCwgLLAtkC3QLkAu0C8gL/AwIDFAMXAxwAAAAAAAACAQAAAAAAAAAoAAAAAAAAAAAAAAAAAAADHg==}}

@inproceedings{EKE:01,
	Author = {Klaus Engel and Martin Kraus and Thomas Ertl},
	Booktitle = {Proceedings ACM SIGGRAPH/EUROGRAPHICS Workshop on Graphics Hardware},
	Date-Added = {2007-12-06 11:43:03 +0100},
	Date-Modified = {2007-12-06 11:43:03 +0100},
	Keywords = {visualization, volume rendering, GPU},
	Pages = {9--16},
	Title = {High-quality Pre-integrated Volume Rendering Using Hardware-accelerated Pixel Shading},
	Year = {2001}}

@inproceedings{JS:12,
	Author = {Joubert, Wayne and Su, Shi-Quan},
	Booktitle = {Proceedings ACM International Conference on Supercomputing},
	Keywords = {applications, cray, exascale, hpc, metrics, ornl, petascale, scaling, science, workload},
	Pages = {247--256},
	Publisher = {ACM},
	Title = {An Analysis of Computational Workloads for the {ORNL Jaguar} System},
	Year = {2012}}

@inproceedings{MHS:99,
	Author = {Michael Meissner and U. Hoffmann and Wolfgang Strasser},
	Booktitle = {Proceedings IEEE Visualization},
	Date-Added = {2007-12-06 11:36:55 +0100},
	Date-Modified = {2007-12-06 11:36:55 +0100},
	Keywords = {visualization, volume rendering},
	Local-Url = {file://localhost/Users/pajarola/Research/Papers%20others/Volume/3DTexture/ClassificationShading.pdf},
	Pages = {207--214},
	Publisher = {Computer Society Press},
	Title = {Enabling Classification and Shading for {3D} Texture Mapping based Volume Rendering using {OpenGL} and Extensions},
	Year = {1999},
	Bdsk-File-1 = {YnBsaXN0MDDUAQIDBAUGJCVYJHZlcnNpb25YJG9iamVjdHNZJGFyY2hpdmVyVCR0b3ASAAGGoKgHCBMUFRYaIVUkbnVsbNMJCgsMDxJXTlMua2V5c1pOUy5vYmplY3RzViRjbGFzc6INDoACgAOiEBGABIAFgAdccmVsYXRpdmVQYXRoWWFsaWFzRGF0YV8QRC4uLy4uLy4uLy4uL1BhcGVycyBvdGhlcnMvVm9sdW1lLzNEVGV4dHVyZS9DbGFzc2lmaWNhdGlvblNoYWRpbmcucGRm0hcLGBlXTlMuZGF0YU8RAe4AAAAAAe4AAgAACEVmZnJhZmF4AAAAAAAAAAAAAAAAAAAAAAAAANAXorRIKwAAAB7P+RlDbGFzc2lmaWNhdGlvblNoYWRpbmcucGRmAAAAAAAAAAAAAAAAAAAAAAAAAAAAAAAAAAAAAAAAAAAAAAAAAAAAHs/6y3FyDgAAAAAAAAAAAAQABAAACSAAAAAAAAAAAAAAAAAAAAAJM0RUZXh0dXJlAAAQAAgAANAXhpQAAAARAAgAAMtxY/4AAAABABgAHs/5AB7P+AAeyRkAHgPxABiZfwAYmC4AAgBfRWZmcmFmYXg6VXNlcnM6AHBhamFyb2xhOgBSZXNlYXJjaDoAUGFwZXJzIG90aGVyczoAVm9sdW1lOgAzRFRleHR1cmU6AENsYXNzaWZpY2F0aW9uU2hhZGluZy5wZGYAAA4ANAAZAEMAbABhAHMAcwBpAGYAaQBjAGEAdABpAG8AbgBTAGgAYQBkAGkAbgBnAC4AcABkAGYADwASAAgARQBmAGYAcgBhAGYAYQB4ABIAUFVzZXJzL3BhamFyb2xhL1Jlc2VhcmNoL1BhcGVycyBvdGhlcnMvVm9sdW1lLzNEVGV4dHVyZS9DbGFzc2lmaWNhdGlvblNoYWRpbmcucGRmABMAAS8AABUAAgAP//8AAIAG0hscHR5aJGNsYXNzbmFtZVgkY2xhc3Nlc11OU011dGFibGVEYXRhox0fIFZOU0RhdGFYTlNPYmplY3TSGxwiI1xOU0RpY3Rpb25hcnmiIiBfEA9OU0tleWVkQXJjaGl2ZXLRJidUcm9vdIABAAgAEQAaACMALQAyADcAQABGAE0AVQBgAGcAagBsAG4AcQBzAHUAdwCEAI4A1QDaAOIC1ALWAtsC5gLvAv0DAQMIAxEDFgMjAyYDOAM7A0AAAAAAAAACAQAAAAAAAAAoAAAAAAAAAAAAAAAAAAADQg==}}

@inproceedings{CCF:94,
	Author = {Cabral, B. and Cam, N. and Foran, J.},
	Booktitle = {Proceedings ACM/IEEE Symposium on Volume Visualization},
	Date-Added = {2007-12-06 11:36:11 +0100},
	Date-Modified = {2007-12-06 11:36:11 +0100},
	Keywords = {visualization, volume rendering},
	Local-Url = {file://localhost/Users/pajarola/Research/Papers%20others/Volume/3DTexture/VolumeTextures.pdf},
	Pages = {91--98},
	Title = {Accelerated Volume Rendering and Tomographic Reconstruction Using Texture Mapping Hardware},
	Year = {1994},
	Bdsk-File-1 = {YnBsaXN0MDDUAQIDBAUGJCVYJHZlcnNpb25YJG9iamVjdHNZJGFyY2hpdmVyVCR0b3ASAAGGoKgHCBMUFRYaIVUkbnVsbNMJCgsMDxJXTlMua2V5c1pOUy5vYmplY3RzViRjbGFzc6INDoACgAOiEBGABIAFgAdccmVsYXRpdmVQYXRoWWFsaWFzRGF0YV8QPS4uLy4uLy4uLy4uL1BhcGVycyBvdGhlcnMvVm9sdW1lLzNEVGV4dHVyZS9Wb2x1bWVUZXh0dXJlcy5wZGbSFwsYGVdOUy5kYXRhTxEB0gAAAAAB0gACAAAIRWZmcmFmYXgAAAAAAAAAAAAAAAAAAAAAAAAA0BeitEgrAAAAHs/5ElZvbHVtZVRleHR1cmVzLnBkZgAAAAAAAAAAAAAAAAAAAAAAAAAAAAAAAAAAAAAAAAAAAAAAAAAAAAAAAAAAAAAe0ALLcXIOAAAAAAAAAAAABAAEAAAJIAAAAAAAAAAAAAAAAAAAAAkzRFRleHR1cmUAABAACAAA0BeGlAAAABEACAAAy3Fj/gAAAAEAGAAez/kAHs/4AB7JGQAeA/EAGJl/ABiYLgACAFhFZmZyYWZheDpVc2VyczoAcGFqYXJvbGE6AFJlc2VhcmNoOgBQYXBlcnMgb3RoZXJzOgBWb2x1bWU6ADNEVGV4dHVyZToAVm9sdW1lVGV4dHVyZXMucGRmAA4AJgASAFYAbwBsAHUAbQBlAFQAZQB4AHQAdQByAGUAcwAuAHAAZABmAA8AEgAIAEUAZgBmAHIAYQBmAGEAeAASAElVc2Vycy9wYWphcm9sYS9SZXNlYXJjaC9QYXBlcnMgb3RoZXJzL1ZvbHVtZS8zRFRleHR1cmUvVm9sdW1lVGV4dHVyZXMucGRmAAATAAEvAAAVAAIAD///AACABtIbHB0eWiRjbGFzc25hbWVYJGNsYXNzZXNdTlNNdXRhYmxlRGF0YaMdHyBWTlNEYXRhWE5TT2JqZWN00hscIiNcTlNEaWN0aW9uYXJ5oiIgXxAPTlNLZXllZEFyY2hpdmVy0SYnVHJvb3SAAQAIABEAGgAjAC0AMgA3AEAARgBNAFUAYABnAGoAbABuAHEAcwB1AHcAhACOAM4A0wDbArECswK4AsMCzALaAt4C5QLuAvMDAAMDAxUDGAMdAAAAAAAAAgEAAAAAAAAAKAAAAAAAAAAAAAAAAAAAAx8=}}

@inproceedings{Pajarola:05,
	Author = {Pajarola, Renato},
	Booktitle = {Proceedings IEEE Visualization},
	Date-Added = {2007-08-23 15:35:31 +0200},
	Date-Modified = {2007-08-23 15:35:31 +0200},
	Keywords = {graphics, point-based, out-of-core, streaming},
	Local-Url = {file://localhost/Users/pajarola/Research/Papers/Vis2005/PStream.pdf},
	Pages = {239--246},
	Publisher = {Computer Society Press},
	Title = {Stream-Processing Points},
	Year = {2005},
	Bdsk-File-1 = {YnBsaXN0MDDUAQIDBAUGJCVYJHZlcnNpb25YJG9iamVjdHNZJGFyY2hpdmVyVCR0b3ASAAGGoKgHCBMUFRYaIVUkbnVsbNMJCgsMDxJXTlMua2V5c1pOUy5vYmplY3RzViRjbGFzc6INDoACgAOiEBGABIAFgAdccmVsYXRpdmVQYXRoWWFsaWFzRGF0YV8QIy4uLy4uLy4uL1BhcGVycy9WaXMyMDA1L1BTdHJlYW0ucGRm0hcLGBlXTlMuZGF0YU8RAYoAAAAAAYoAAgAACEVmZnJhZmF4AAAAAAAAAAAAAAAAAAAAAAAAAL5fibFIKwAAAB/wVQtQU3RyZWFtLnBkZgAAAAAAAAAAAAAAAAAAAAAAAAAAAAAAAAAAAAAAAAAAAAAAAAAAAAAAAAAAAAAAAAAAAAAAIAcuv+l981BERiBDQVJPAAMAAwAACSAAAAAAAAAAAAAAAAAAAAAHVmlzMjAwNQAAEAAIAAC+X3uhAAAAEQAIAAC/6W/jAAAAAQAUAB/wVQAfty0AHwMkAB7xEwAAe1sAAgA7RWZmcmFmYXg6VXNlcnM6cGFqYXJvbGE6UmVzZWFyY2g6UGFwZXJzOlZpczIwMDU6UFN0cmVhbS5wZGYAAA4AGAALAFAAUwB0AHIAZQBhAG0ALgBwAGQAZgAPABIACABFAGYAZgByAGEAZgBhAHgAEgAyVXNlcnMvcGFqYXJvbGEvUmVzZWFyY2gvUGFwZXJzL1ZpczIwMDUvUFN0cmVhbS5wZGYAEwABLwAAFQACAA///wAAgAbSGxwdHlokY2xhc3NuYW1lWCRjbGFzc2VzXU5TTXV0YWJsZURhdGGjHR8gVk5TRGF0YVhOU09iamVjdNIbHCIjXE5TRGljdGlvbmFyeaIiIF8QD05TS2V5ZWRBcmNoaXZlctEmJ1Ryb290gAEACAARABoAIwAtADIANwBAAEYATQBVAGAAZwBqAGwAbgBxAHMAdQB3AIQAjgC0ALkAwQJPAlECVgJhAmoCeAJ8AoMCjAKRAp4CoQKzArYCuwAAAAAAAAIBAAAAAAAAACgAAAAAAAAAAAAAAAAAAAK9}}

@inproceedings{AGLMR:02,
	Author = {J. Allard and V. Gouranton and L. Lecointre and E. Melin and B. Raffin},
	Booktitle = {Proceeding IEEE Virtual Reality},
	Date-Added = {2007-03-24 17:34:47 +0100},
	Date-Modified = {2008-09-03 16:11:44 +0200},
	Keywords = {graphics, parallel rendering},
	Pages = {275--276},
	Title = {{NetJuggler}: Running {VR Juggler} with Multiple Displays on a Commodity Component Cluster},
	Year = {2002}}

@inproceedings{BC:03,
	Author = {Allen Bierbaum and Carolina Cruz-Neira},
	Booktitle = {Proceedings Workshop on Commodity Clusters for Virtual Reality, IEEE Virtual Reality Conference},
	Date-Added = {2007-03-23 16:46:10 +0100},
	Date-Modified = {2007-03-24 17:38:16 +0100},
	Keywords = {graphics, parallel rendering},
	Title = {{ClusterJuggler}: A Modular Architecture for Immersive Clustering},
	Year = {2003}}

@misc{LoadEqualizer,
	Author = {{Eyescale Software GmbH}},
	Date-Modified = {2016-02-17 13:47:04 +0000},
	Howpublished = {http://www.equalizergraphics.com/scalability/loadEqualizer.html},
	Keywords = {graphics, parallel rendering},
	Title = {{Load~Equalizer}},
	Year = {2008}}

@misc{DACNCCGHPSNS:97,
	Author = {DeFanti, Thomas A. and Adamczyk, Dave and Cruz-Neira, Carolina and Czernuszenko, Marek and Ghazisaedy, Morteza and Hayakawa, Hiroshi and Pape, Dave and Sandin, Daniel J. and Nickless, Bill and Sherman, Bill},
	Date-Added = {2007-03-23 16:41:14 +0100},
	Date-Modified = {2007-03-24 17:20:31 +0100},
	Howpublished = {http://www.evl.uic.edu/pape/CAVE/prog/},
	Title = {{CAVELib}},
	Year = {1998}}

@techreport{Eilemann:13,
	Author = {Eilemann, Stefan},
	Date-Added = {2007-11-27 14:55:38 +0100},
	Date-Modified = {2013-07-26 14:55:38 +0100},
	Howpublished = {https://github.com/Eyescale/EqDocs/raw/master/Developer/ProgrammingGuide/paper.pdf},
	Institution = {Eyescale Software GmbH},
	Keywords = {graphics, parallel rendering},
	Title = {{Equalizer Programming and User Guide}},
	Year = {2013}}

@article{GM:04b,
	Abstract = {We recently introduced an efficient multiresolution structure for distributing and rendering very large point sampled
models on consumer graphics platforms [1]. The structure is based on a hierarchy of precomputed object-space point
clouds, that are combined coarse-to-fine at rendering time to locally adapt sample densities according to the projected
size in the image. The progressive block based refinement nature ofthe rendering traversal exploits on-board caching
and object based rendering APIs, hides out-of-core data access latency through speculative prefetching, and lends itself
well to incorporate backface, view frustum, and occlusion culling, as well as compression and view-dependent
progressive transmission. The resulting system allows rendering of complex out-of-core models at high frame rates (over
60Mrendered points/second), supports network streaming, and is fundamentally simple to implement. We demonstrate
the efficiency ofthe approach on a number ofvery large models, stored on local disks or accessed through a consumer
level broadband network, including a massive 234M samples isosurface generated by a compressible turbulence
simulation and a 167M samples model ofMichelangelo's St. Matthew. Many ofthe details ofour framework were
presented in a previous study. We here provide a more thorough exposition, but also significant new material, including
the presentation ofa higher quality bottom-up construction method and additional qualitative and quantitative results.
r 2004 Elsevier Ltd. All rights reserved.
},
	Author = {Gobbetti, Enrico and Marton, Fabio},
	Date-Added = {2007-03-20 14:43:39 +0100},
	Date-Modified = {2007-03-20 14:43:39 +0100},
	Journal = {Computers \& Graphics},
	Keywords = {graphics, point-based, out-of-core, level-of-detail},
	Local-Url = {file://localhost/Users/pajarola/Research/Papers%20others/Points/LayeredPointClouds.pdf},
	Month = {February},
	Number = {1},
	Pages = {815--826},
	Title = {Layered Point Clouds: A Simple and Efficient Multiresolution Structure for Distributing and Rendering Gigantic Point-Sampled Models},
	Volume = {28},
	Year = {2004},
	Bdsk-File-1 = {YnBsaXN0MDDUAQIDBAUGJCVYJHZlcnNpb25YJG9iamVjdHNZJGFyY2hpdmVyVCR0b3ASAAGGoKgHCBMUFRYaIVUkbnVsbNMJCgsMDxJXTlMua2V5c1pOUy5vYmplY3RzViRjbGFzc6INDoACgAOiEBGABIAFgAdccmVsYXRpdmVQYXRoWWFsaWFzRGF0YV8QNy4uLy4uLy4uLy4uL1BhcGVycyBvdGhlcnMvUG9pbnRzL0xheWVyZWRQb2ludENsb3Vkcy5wZGbSFwsYGVdOUy5kYXRhTxEBxgAAAAABxgACAAAIRWZmcmFmYXgAAAAAAAAAAAAAAAAAAAAAAAAA0BeitEgrAAAAHs63FkxheWVyZWRQb2ludENsb3Vkcy5wZGYAAAAAAAAAAAAAAAAAAAAAAAAAAAAAAAAAAAAAAAAAAAAAAAAAAAAAAAAeztfLcXIOAAAAAAAAAAAABAADAAAJIAAAAAAAAAAAAAAAAAAAAAZQb2ludHMAEAAIAADQF4aUAAAAEQAIAADLcWP+AAAAAQAUAB7OtwAeyRkAHgPxABiZfwAYmC4AAgBRRWZmcmFmYXg6VXNlcnM6AHBhamFyb2xhOgBSZXNlYXJjaDoAUGFwZXJzIG90aGVyczoAUG9pbnRzOgBMYXllcmVkUG9pbnRDbG91ZHMucGRmAAAOAC4AFgBMAGEAeQBlAHIAZQBkAFAAbwBpAG4AdABDAGwAbwB1AGQAcwAuAHAAZABmAA8AEgAIAEUAZgBmAHIAYQBmAGEAeAASAENVc2Vycy9wYWphcm9sYS9SZXNlYXJjaC9QYXBlcnMgb3RoZXJzL1BvaW50cy9MYXllcmVkUG9pbnRDbG91ZHMucGRmAAATAAEvAAAVAAIAD///AACABtIbHB0eWiRjbGFzc25hbWVYJGNsYXNzZXNdTlNNdXRhYmxlRGF0YaMdHyBWTlNEYXRhWE5TT2JqZWN00hscIiNcTlNEaWN0aW9uYXJ5oiIgXxAPTlNLZXllZEFyY2hpdmVy0SYnVHJvb3SAAQAIABEAGgAjAC0AMgA3AEAARgBNAFUAYABnAGoAbABuAHEAcwB1AHcAhACOAMgAzQDVAp8CoQKmArECugLIAswC0wLcAuEC7gLxAwMDBgMLAAAAAAAAAgEAAAAAAAAAKAAAAAAAAAAAAAAAAAAAAw0=}}

@inproceedings{GBBK:04,
	Author = {Michael Guthe and Pavel Borodin and {\"A}kos Balazs and Reinhard Klein},
	Booktitle = {Proceedings Eurographics Workshop on Rendering Techniques},
	Date-Added = {2007-03-20 14:43:17 +0100},
	Date-Modified = {2007-03-20 14:43:17 +0100},
	Keywords = {graphics, out-of-core, level-of-detail, point-based},
	Pages = {69--80},
	Title = {Real-time Appearance Preserving Out-of-core Rendering with Shadows},
	Year = {2004}}

@article{guthe2004,
    title={Advanced techniques for high-quality multi-resolution volume rendering},
    author={Guthe, Stefan and Strasser, Wolfgang},
    journal={Computers \& Graphics},
    volume={28},
    number={1},
    pages={51--58},
    year={2004},
    publisher={Elsevier}
}

@inproceedings{GWGS:02,
	Author = {Guthe, Stefan and Wand, Michael and Gonser, Julius and Strasser, Wolfgang},
	Booktitle = {Proceedings IEEE Visualization},
	Date-Added = {2007-03-20 12:31:43 +0100},
	Date-Modified = {2007-03-20 12:31:43 +0100},
	Keywords = {visualization, volume rendering, wavelets, level-of-detail, out-of-core},
	Local-Url = {file://localhost/Users/pajarola/Research/Papers%20others/Volume/Out-of-Core/guthe02interactive.pdf},
	Pages = {53--60},
	Publisher = {Computer Society Press},
	Title = {Interactive Rendering of Large Volume Data Sets},
	Year = {2002},
	Bdsk-File-1 = {YnBsaXN0MDDUAQIDBAUGJCVYJHZlcnNpb25YJG9iamVjdHNZJGFyY2hpdmVyVCR0b3ASAAGGoKgHCBMUFRYaIVUkbnVsbNMJCgsMDxJXTlMua2V5c1pOUy5vYmplY3RzViRjbGFzc6INDoACgAOiEBGABIAFgAdccmVsYXRpdmVQYXRoWWFsaWFzRGF0YV8QQy4uLy4uLy4uLy4uL1BhcGVycyBvdGhlcnMvVm9sdW1lL091dC1vZi1Db3JlL2d1dGhlMDJpbnRlcmFjdGl2ZS5wZGbSFwsYGVdOUy5kYXRhTxEB6AAAAAAB6AACAAAIRWZmcmFmYXgAAAAAAAAAAAAAAAAAAAAAAAAA0BeitEgrAAAAHtBPFmd1dGhlMDJpbnRlcmFjdGl2ZS5wZGYAAAAAAAAAAAAAAAAAAAAAAAAAAAAAAAAAAAAAAAAAAAAAAAAAAAAAAAAe0FLLcXIOAAAAAAAAAAAABAAEAAAJIAAAAAAAAAAAAAAAAAAAAAtPdXQtb2YtQ29yZQAAEAAIAADQF4aUAAAAEQAIAADLcWP+AAAAAQAYAB7QTwAez/gAHskZAB4D8QAYmX8AGJguAAIAXkVmZnJhZmF4OlVzZXJzOgBwYWphcm9sYToAUmVzZWFyY2g6AFBhcGVycyBvdGhlcnM6AFZvbHVtZToAT3V0LW9mLUNvcmU6AGd1dGhlMDJpbnRlcmFjdGl2ZS5wZGYADgAuABYAZwB1AHQAaABlADAAMgBpAG4AdABlAHIAYQBjAHQAaQB2AGUALgBwAGQAZgAPABIACABFAGYAZgByAGEAZgBhAHgAEgBPVXNlcnMvcGFqYXJvbGEvUmVzZWFyY2gvUGFwZXJzIG90aGVycy9Wb2x1bWUvT3V0LW9mLUNvcmUvZ3V0aGUwMmludGVyYWN0aXZlLnBkZgAAEwABLwAAFQACAA///wAAgAbSGxwdHlokY2xhc3NuYW1lWCRjbGFzc2VzXU5TTXV0YWJsZURhdGGjHR8gVk5TRGF0YVhOU09iamVjdNIbHCIjXE5TRGljdGlvbmFyeaIiIF8QD05TS2V5ZWRBcmNoaXZlctEmJ1Ryb290gAEACAARABoAIwAtADIANwBAAEYATQBVAGAAZwBqAGwAbgBxAHMAdQB3AIQAjgDUANkA4QLNAs8C1ALfAugC9gL6AwEDCgMPAxwDHwMxAzQDOQAAAAAAAAIBAAAAAAAAACgAAAAAAAAAAAAAAAAAAAM7}}

@inproceedings{GGAOR:02,
	Author = {Gal\'{a}n, Manuel J. and Garc\'{i}a, Fidel and \'{A}lvarez, Luis and Oc\'{o}n, Antonio and Rubio, Enrique},
	Booktitle = {Proceedings International Conference of European University Information Systems on The Changing Universities - The Role of Technology},
	Pages = {328--335},
	Title = {{'Beowulf Cluster'} for High-performance Computing Tasks at the University: A Very Profitable Investment. High Performance Computing at Low Price},
	Year = {2002}}

@article{YSGM:05,
	Author = {S.-E. Yoon and B. Salomon and R. Gayle and D. Manocha},
	Date-Added = {2007-03-20 12:29:42 +0100},
	Date-Modified = {2007-03-20 12:29:42 +0100},
	Journal = {IEEE Transactions on Visualization and Computer Graphics},
	Keywords = {graphics, out-of-core, view-dependent simplification, multiresolution},
	Month = {July-August},
	Number = {4},
	Pages = {369--382},
	Title = {{Quick-VDR}: Out-of-core View-dependent Rendering of Gigantic Models},
	Volume = {11},
	Year = {2005}}

@inproceedings{TWTT:99,
	Author = {X. Tong and W. Wang and W. Tsang and Z. Tang},
	Booktitle = {EUROGRAPHICS - IEEE TCVG Symposium on Visualization},
	Date-Added = {2007-03-20 12:27:06 +0100},
	Date-Modified = {2007-03-20 12:27:06 +0100},
	Keywords = {visualization, volume rendering, out-of-core},
	Title = {Efficiently Rendering Large Volume Data Using Texture Mapping Hardware},
	Year = {1999}}

@inproceedings{ESE:00,
	Author = {Klaus Engel and Ove Sommer and Thomas Ertl},
	Booktitle = {Proceedings EUROGRAPHICS - IEEE TCVG Symposium on Visualization},
	Date-Added = {2007-03-20 12:26:42 +0100},
	Date-Modified = {2007-03-20 12:26:42 +0100},
	Keywords = {visualization, remote rendering, parallel rendering},
	Local-Url = {file://localhost/Users/pajarola/Research/Papers%20others/Rendering/Remote/Remote3DVisualization.pdf},
	Pages = {167--177},
	Title = {A Framework for Interactive Hardware-Accelerated Remote {3D}-Visualization},
	Year = {2000},
	Bdsk-File-1 = {YnBsaXN0MDDUAQIDBAUGJCVYJHZlcnNpb25YJG9iamVjdHNZJGFyY2hpdmVyVCR0b3ASAAGGoKgHCBMUFRYaIVUkbnVsbNMJCgsMDxJXTlMua2V5c1pOUy5vYmplY3RzViRjbGFzc6INDoACgAOiEBGABIAFgAdccmVsYXRpdmVQYXRoWWFsaWFzRGF0YV8QRC4uLy4uLy4uLy4uL1BhcGVycyBvdGhlcnMvUmVuZGVyaW5nL1JlbW90ZS9SZW1vdGUzRFZpc3VhbGl6YXRpb24ucGRm0hcLGBlXTlMuZGF0YU8RAeoAAAAAAeoAAgAACEVmZnJhZmF4AAAAAAAAAAAAAAAAAAAAAAAAANAXorRIKwAAAB7PVxlSZW1vdGUzRFZpc3VhbGl6YXRpb24ucGRmAAAAAAAAAAAAAAAAAAAAAAAAAAAAAAAAAAAAAAAAAAAAAAAAAAAAHs9Zy3FyDgAAAAAAAAAAAAQABAAACSAAAAAAAAAAAAAAAAAAAAAGUmVtb3RlABAACAAA0BeGlAAAABEACAAAy3Fj/gAAAAEAGAAez1cAHs8IAB7JGQAeA/EAGJl/ABiYLgACAF9FZmZyYWZheDpVc2VyczoAcGFqYXJvbGE6AFJlc2VhcmNoOgBQYXBlcnMgb3RoZXJzOgBSZW5kZXJpbmc6AFJlbW90ZToAUmVtb3RlM0RWaXN1YWxpemF0aW9uLnBkZgAADgA0ABkAUgBlAG0AbwB0AGUAMwBEAFYAaQBzAHUAYQBsAGkAegBhAHQAaQBvAG4ALgBwAGQAZgAPABIACABFAGYAZgByAGEAZgBhAHgAEgBQVXNlcnMvcGFqYXJvbGEvUmVzZWFyY2gvUGFwZXJzIG90aGVycy9SZW5kZXJpbmcvUmVtb3RlL1JlbW90ZTNEVmlzdWFsaXphdGlvbi5wZGYAEwABLwAAFQACAA///wAAgAbSGxwdHlokY2xhc3NuYW1lWCRjbGFzc2VzXU5TTXV0YWJsZURhdGGjHR8gVk5TRGF0YVhOU09iamVjdNIbHCIjXE5TRGljdGlvbmFyeaIiIF8QD05TS2V5ZWRBcmNoaXZlctEmJ1Ryb290gAEACAARABoAIwAtADIANwBAAEYATQBVAGAAZwBqAGwAbgBxAHMAdQB3AIQAjgDVANoA4gLQAtIC1wLiAusC+QL9AwQDDQMSAx8DIgM0AzcDPAAAAAAAAAIBAAAAAAAAACgAAAAAAAAAAAAAAAAAAAM+}}

@inproceedings{EP:07,
	Author = {Stefan Eilemann and Renato Pajarola},
	Booktitle = {Proceedings Eurographics Symposium on Parallel Graphics and Visualization},
	Date-Added = {2007-03-20 11:57:50 +0100},
	Date-Modified = {2007-03-20 11:57:50 +0100},
	Keywords = {visualization, parallel rendering},
	Local-Url = {file://localhost/Users/pajarola/Research/Papers/SPGV2007/DirectSend.pdf},
	Title = {Direct Send Compositing for Parallel Sort-Last Rendering},
	Year = {2007}}

@inproceedings{JBBC:98,
	Author = {Christopher Just and Allen Bierbaum and Albert Baker and Carolina Cruz-Neira},
	Booktitle = {Proceedings Immersive Projection Technology Workshop},
	Date-Added = {2007-03-20 09:58:57 +0100},
	Date-Modified = {2007-03-24 17:38:33 +0100},
	Keywords = {graphics, parallel rendering},
	Title = {{VR Juggler}: A Framework for Virtual Reality Development},
	Year = {1998}}

@inproceedings{BJHMBC:01,
	Author = {Allen Bierbaum and Christopher Just and Patrick Hartling and Kevin Meinert and Albert Baker and Carolina Cruz-Neira},
	Booktitle = {Proceedings of IEEE Virtual Reality},
	Date-Added = {2007-03-20 09:45:51 +0100},
	Date-Modified = {2007-03-20 09:54:14 +0100},
	Keywords = {graphics, parallel rendering},
	Local-Url = {file://localhost/Users/pajarola/Research/Papers%20others/Rendering/Parallel/VRJuggler.pdf},
	Pages = {89--96},
	Title = {{VR Juggler}: A Virtual Platform for Virtual Reality Application Development},
	Year = {2001},
	Bdsk-File-1 = {YnBsaXN0MDDUAQIDBAUGJCVYJHZlcnNpb25YJG9iamVjdHNZJGFyY2hpdmVyVCR0b3ASAAGGoKgHCBMUFRYaIVUkbnVsbNMJCgsMDxJXTlMua2V5c1pOUy5vYmplY3RzViRjbGFzc6INDoACgAOiEBGABIAFgAdccmVsYXRpdmVQYXRoWWFsaWFzRGF0YV8QOi4uLy4uLy4uLy4uL1BhcGVycyBvdGhlcnMvUmVuZGVyaW5nL1BhcmFsbGVsL1ZSSnVnZ2xlci5wZGbSFwsYGVdOUy5kYXRhTxEBwAAAAAABwAACAAAIRWZmcmFmYXgAAAAAAAAAAAAAAAAAAAAAAAAA0BeitEgrAAAAHs8PDVZSSnVnZ2xlci5wZGYAAAAAAAAAAAAAAAAAAAAAAAAAAAAAAAAAAAAAAAAAAAAAAAAAAAAAAAAAAAAAAAAAAAAez0LLcXIOAAAAAAAAAAAABAAEAAAJIAAAAAAAAAAAAAAAAAAAAAhQYXJhbGxlbAAQAAgAANAXhpQAAAARAAgAAMtxY/4AAAABABgAHs8PAB7PCAAeyRkAHgPxABiZfwAYmC4AAgBVRWZmcmFmYXg6VXNlcnM6AHBhamFyb2xhOgBSZXNlYXJjaDoAUGFwZXJzIG90aGVyczoAUmVuZGVyaW5nOgBQYXJhbGxlbDoAVlJKdWdnbGVyLnBkZgAADgAcAA0AVgBSAEoAdQBnAGcAbABlAHIALgBwAGQAZgAPABIACABFAGYAZgByAGEAZgBhAHgAEgBGVXNlcnMvcGFqYXJvbGEvUmVzZWFyY2gvUGFwZXJzIG90aGVycy9SZW5kZXJpbmcvUGFyYWxsZWwvVlJKdWdnbGVyLnBkZgATAAEvAAAVAAIAD///AACABtIbHB0eWiRjbGFzc25hbWVYJGNsYXNzZXNdTlNNdXRhYmxlRGF0YaMdHyBWTlNEYXRhWE5TT2JqZWN00hscIiNcTlNEaWN0aW9uYXJ5oiIgXxAPTlNLZXllZEFyY2hpdmVy0SYnVHJvb3SAAQAIABEAGgAjAC0AMgA3AEAARgBNAFUAYABnAGoAbABuAHEAcwB1AHcAhACOAMsA0ADYApwCngKjAq4CtwLFAskC0ALZAt4C6wLuAwADAwMIAAAAAAAAAgEAAAAAAAAAKAAAAAAAAAAAAAAAAAAAAwo=}}

@inproceedings{RH:94,
	Author = {Rohlf, John and Helman, James},
	Booktitle = {Proceedings ACM SIGGRAPH},
	Date-Added = {2007-03-16 11:27:43 +0100},
	Date-Modified = {2007-03-16 11:27:43 +0100},
	Keywords = {graphics, scene graph},
	Local-Url = {file://localhost/Users/pajarola/Research/Papers%20others/Other/Performer.pdf},
	Pages = {381--394},
	Publisher = {ACM Press},
	Title = {{IRIS Performer}: A High Performance Multiprocessing Toolkit for Real-Time {3D} Graphics},
	Year = {1994},
	Bdsk-File-1 = {YnBsaXN0MDDUAQIDBAUGJCVYJHZlcnNpb25YJG9iamVjdHNZJGFyY2hpdmVyVCR0b3ASAAGGoKgHCBMUFRYaIVUkbnVsbNMJCgsMDxJXTlMua2V5c1pOUy5vYmplY3RzViRjbGFzc6INDoACgAOiEBGABIAFgAdccmVsYXRpdmVQYXRoWWFsaWFzRGF0YV8QKi4uLy4uLy4uL1BhcGVycyBvdGhlcnMvT3RoZXIvUGVyZm9ybWVyLnBkZtIXCxgZV05TLmRhdGFPEQGaAAAAAAGaAAIAAAhFZmZyYWZheAAAAAAAAAAAAAAAAAAAAAAAAAC+X4mxSCsAAAAf7acNUGVyZm9ybWVyLnBkZgAAAAAAAAAAAAAAAAAAAAAAAAAAAAAAAAAAAAAAAAAAAAAAAAAAAAAAAAAAAAAAAAAAAB/vGbk0QBYAAAAAAAAAAAADAAMAAAkgAAAAAAAAAAAAAAAAAAAABU90aGVyAAAQAAgAAL5fe6EAAAARAAgAALk0I/YAAAABABQAH+2nAB+3LAAfAyQAHvETAAB7WwACAEJFZmZyYWZheDpVc2VyczpwYWphcm9sYTpSZXNlYXJjaDpQYXBlcnMgb3RoZXJzOk90aGVyOlBlcmZvcm1lci5wZGYADgAcAA0AUABlAHIAZgBvAHIAbQBlAHIALgBwAGQAZgAPABIACABFAGYAZgByAGEAZgBhAHgAEgA5VXNlcnMvcGFqYXJvbGEvUmVzZWFyY2gvUGFwZXJzIG90aGVycy9PdGhlci9QZXJmb3JtZXIucGRmAAATAAEvAAAVAAIAD///AACABtIbHB0eWiRjbGFzc25hbWVYJGNsYXNzZXNdTlNNdXRhYmxlRGF0YaMdHyBWTlNEYXRhWE5TT2JqZWN00hscIiNcTlNEaWN0aW9uYXJ5oiIgXxAPTlNLZXllZEFyY2hpdmVy0SYnVHJvb3SAAQAIABEAGgAjAC0AMgA3AEAARgBNAFUAYABnAGoAbABuAHEAcwB1AHcAhACOALsAwADIAmYCaAJtAngCgQKPApMCmgKjAqgCtQK4AsoCzQLSAAAAAAAAAgEAAAAAAAAAKAAAAAAAAAAAAAAAAAAAAtQ=}}

@inproceedings{SFL:01,
	Author = {Samanta, Rudrajit and Funkhouser, Thomas and Li, Kai},
	Booktitle = {Proceedings IEEE Symposium on Parallel and Large-Data Visualization and Graphics},
	Date-Added = {2007-03-16 09:30:29 +0100},
	Date-Modified = {2007-03-16 09:30:29 +0100},
	Keywords = {graphics, parallel rendering},
	Local-Url = {file://localhost/Users/pajarola/Research/Papers%20others/Rendering/Parallel/KWayReplication.pdf},
	Publisher = {Computer Society Press},
	Title = {Parallel Rendering with {K}-Way Replication},
	Year = {2001},
	Bdsk-File-1 = {YnBsaXN0MDDUAQIDBAUGJCVYJHZlcnNpb25YJG9iamVjdHNZJGFyY2hpdmVyVCR0b3ASAAGGoKgHCBMUFRYaIVUkbnVsbNMJCgsMDxJXTlMua2V5c1pOUy5vYmplY3RzViRjbGFzc6INDoACgAOiEBGABIAFgAdccmVsYXRpdmVQYXRoWWFsaWFzRGF0YV8QQC4uLy4uLy4uLy4uL1BhcGVycyBvdGhlcnMvUmVuZGVyaW5nL1BhcmFsbGVsL0tXYXlSZXBsaWNhdGlvbi5wZGbSFwsYGVdOUy5kYXRhTxEB2AAAAAAB2AACAAAIRWZmcmFmYXgAAAAAAAAAAAAAAAAAAAAAAAAA0BeitEgrAAAAHs8PE0tXYXlSZXBsaWNhdGlvbi5wZGYAAAAAAAAAAAAAAAAAAAAAAAAAAAAAAAAAAAAAAAAAAAAAAAAAAAAAAAAAAAAezyfLcXIOAAAAAAAAAAAABAAEAAAJIAAAAAAAAAAAAAAAAAAAAAhQYXJhbGxlbAAQAAgAANAXhpQAAAARAAgAAMtxY/4AAAABABgAHs8PAB7PCAAeyRkAHgPxABiZfwAYmC4AAgBbRWZmcmFmYXg6VXNlcnM6AHBhamFyb2xhOgBSZXNlYXJjaDoAUGFwZXJzIG90aGVyczoAUmVuZGVyaW5nOgBQYXJhbGxlbDoAS1dheVJlcGxpY2F0aW9uLnBkZgAADgAoABMASwBXAGEAeQBSAGUAcABsAGkAYwBhAHQAaQBvAG4ALgBwAGQAZgAPABIACABFAGYAZgByAGEAZgBhAHgAEgBMVXNlcnMvcGFqYXJvbGEvUmVzZWFyY2gvUGFwZXJzIG90aGVycy9SZW5kZXJpbmcvUGFyYWxsZWwvS1dheVJlcGxpY2F0aW9uLnBkZgATAAEvAAAVAAIAD///AACABtIbHB0eWiRjbGFzc25hbWVYJGNsYXNzZXNdTlNNdXRhYmxlRGF0YaMdHyBWTlNEYXRhWE5TT2JqZWN00hscIiNcTlNEaWN0aW9uYXJ5oiIgXxAPTlNLZXllZEFyY2hpdmVy0SYnVHJvb3SAAQAIABEAGgAjAC0AMgA3AEAARgBNAFUAYABnAGoAbABuAHEAcwB1AHcAhACOANEA1gDeAroCvALBAswC1QLjAucC7gL3AvwDCQMMAx4DIQMmAAAAAAAAAgEAAAAAAAAAKAAAAAAAAAAAAAAAAAAAAyg=}}

@inproceedings{SFLS:00,
	Author = {Samanta, Rudrajit and Funkhouser, Thomas and Li, Kai and Singh, Jaswinder Pal},
	Booktitle = {Proceedings Eurographics Workshop on Graphics Hardware},
	Date-Added = {2007-03-16 09:30:29 +0100},
	Date-Modified = {2007-03-16 09:30:29 +0100},
	Keywords = {graphics, parallel rendering},
	Local-Url = {file://localhost/Users/pajarola/Research/Papers%20others/Rendering/Parallel/ClusterRendering.pdf},
	Pages = {97--108},
	Title = {Hybrid Sort-First and Sort-Last Parallel Rendering with a Cluster of {PCs}},
	Year = {2000},
	Bdsk-File-1 = {YnBsaXN0MDDUAQIDBAUGJCVYJHZlcnNpb25YJG9iamVjdHNZJGFyY2hpdmVyVCR0b3ASAAGGoKgHCBMUFRYaIVUkbnVsbNMJCgsMDxJXTlMua2V5c1pOUy5vYmplY3RzViRjbGFzc6INDoACgAOiEBGABIAFgAdccmVsYXRpdmVQYXRoWWFsaWFzRGF0YV8QQS4uLy4uLy4uLy4uL1BhcGVycyBvdGhlcnMvUmVuZGVyaW5nL1BhcmFsbGVsL0NsdXN0ZXJSZW5kZXJpbmcucGRm0hcLGBlXTlMuZGF0YU8RAdwAAAAAAdwAAgAACEVmZnJhZmF4AAAAAAAAAAAAAAAAAAAAAAAAANAXorRIKwAAAB7PDxRDbHVzdGVyUmVuZGVyaW5nLnBkZgAAAAAAAAAAAAAAAAAAAAAAAAAAAAAAAAAAAAAAAAAAAAAAAAAAAAAAAAAAHs8Zy3FyDgAAAAAAAAAAAAQABAAACSAAAAAAAAAAAAAAAAAAAAAIUGFyYWxsZWwAEAAIAADQF4aUAAAAEQAIAADLcWP+AAAAAQAYAB7PDwAezwgAHskZAB4D8QAYmX8AGJguAAIAXEVmZnJhZmF4OlVzZXJzOgBwYWphcm9sYToAUmVzZWFyY2g6AFBhcGVycyBvdGhlcnM6AFJlbmRlcmluZzoAUGFyYWxsZWw6AENsdXN0ZXJSZW5kZXJpbmcucGRmAA4AKgAUAEMAbAB1AHMAdABlAHIAUgBlAG4AZABlAHIAaQBuAGcALgBwAGQAZgAPABIACABFAGYAZgByAGEAZgBhAHgAEgBNVXNlcnMvcGFqYXJvbGEvUmVzZWFyY2gvUGFwZXJzIG90aGVycy9SZW5kZXJpbmcvUGFyYWxsZWwvQ2x1c3RlclJlbmRlcmluZy5wZGYAABMAAS8AABUAAgAP//8AAIAG0hscHR5aJGNsYXNzbmFtZVgkY2xhc3Nlc11OU011dGFibGVEYXRhox0fIFZOU0RhdGFYTlNPYmplY3TSGxwiI1xOU0RpY3Rpb25hcnmiIiBfEA9OU0tleWVkQXJjaGl2ZXLRJidUcm9vdIABAAgAEQAaACMALQAyADcAQABGAE0AVQBgAGcAagBsAG4AcQBzAHUAdwCEAI4A0gDXAN8CvwLBAsYC0QLaAugC7ALzAvwDAQMOAxEDIwMmAysAAAAAAAACAQAAAAAAAAAoAAAAAAAAAAAAAAAAAAADLQ==}}

@inproceedings{SFLS:00b,
	Author = {Samanta, Rudrajit and Funkhouser, Thomas and Li, Kai and Singh, Jaswinder Pal},
	Booktitle = {ACM SIGGRAPH Sketches},
	Date-Added = {2007-03-16 09:30:29 +0100},
	Date-Modified = {2007-03-16 09:30:29 +0100},
	Keywords = {graphics, parallel rendering},
	Local-Url = {file://localhost/Users/pajarola/Research/Papers%20others/Rendering/Parallel/SortFirstSketch.pdf},
	Title = {Sort-First Parallel Rendering with a Cluster of {PC}s},
	Year = {2000},
	Bdsk-File-1 = {YnBsaXN0MDDUAQIDBAUGJCVYJHZlcnNpb25YJG9iamVjdHNZJGFyY2hpdmVyVCR0b3ASAAGGoKgHCBMUFRYaIVUkbnVsbNMJCgsMDxJXTlMua2V5c1pOUy5vYmplY3RzViRjbGFzc6INDoACgAOiEBGABIAFgAdccmVsYXRpdmVQYXRoWWFsaWFzRGF0YV8QQC4uLy4uLy4uLy4uL1BhcGVycyBvdGhlcnMvUmVuZGVyaW5nL1BhcmFsbGVsL1NvcnRGaXJzdFNrZXRjaC5wZGbSFwsYGVdOUy5kYXRhTxEB2AAAAAAB2AACAAAIRWZmcmFmYXgAAAAAAAAAAAAAAAAAAAAAAAAA0BeitEgrAAAAHs8PE1NvcnRGaXJzdFNrZXRjaC5wZGYAAAAAAAAAAAAAAAAAAAAAAAAAAAAAAAAAAAAAAAAAAAAAAAAAAAAAAAAAAAAezz3LcXIOAAAAAAAAAAAABAAEAAAJIAAAAAAAAAAAAAAAAAAAAAhQYXJhbGxlbAAQAAgAANAXhpQAAAARAAgAAMtxY/4AAAABABgAHs8PAB7PCAAeyRkAHgPxABiZfwAYmC4AAgBbRWZmcmFmYXg6VXNlcnM6AHBhamFyb2xhOgBSZXNlYXJjaDoAUGFwZXJzIG90aGVyczoAUmVuZGVyaW5nOgBQYXJhbGxlbDoAU29ydEZpcnN0U2tldGNoLnBkZgAADgAoABMAUwBvAHIAdABGAGkAcgBzAHQAUwBrAGUAdABjAGgALgBwAGQAZgAPABIACABFAGYAZgByAGEAZgBhAHgAEgBMVXNlcnMvcGFqYXJvbGEvUmVzZWFyY2gvUGFwZXJzIG90aGVycy9SZW5kZXJpbmcvUGFyYWxsZWwvU29ydEZpcnN0U2tldGNoLnBkZgATAAEvAAAVAAIAD///AACABtIbHB0eWiRjbGFzc25hbWVYJGNsYXNzZXNdTlNNdXRhYmxlRGF0YaMdHyBWTlNEYXRhWE5TT2JqZWN00hscIiNcTlNEaWN0aW9uYXJ5oiIgXxAPTlNLZXllZEFyY2hpdmVy0SYnVHJvb3SAAQAIABEAGgAjAC0AMgA3AEAARgBNAFUAYABnAGoAbABuAHEAcwB1AHcAhACOANEA1gDeAroCvALBAswC1QLjAucC7gL3AvwDCQMMAx4DIQMmAAAAAAAAAgEAAAAAAAAAKAAAAAAAAAAAAAAAAAAAAyg=}}

@inproceedings{SZFLS:99,
	Author = {Samanta, Rudrajit and Zheng, Jiannan and Funkhouser, Thomas and Li, Kai and Singh, Jaswinder Pal},
	Booktitle = {Proceedings Eurographics Workshop on Graphics Hardware},
	Date-Added = {2007-03-16 09:30:29 +0100},
	Date-Modified = {2007-03-16 09:30:29 +0100},
	Keywords = {graphics, parallel rendering},
	Local-Url = {file://localhost/Users/pajarola/Research/Papers%20others/Rendering/Parallel/LoadBalancing.pdf},
	Pages = {107--116},
	Title = {Load Balancing for Multi-Projector Rendering Systems},
	Year = {1999},
	Bdsk-File-1 = {YnBsaXN0MDDUAQIDBAUGJCVYJHZlcnNpb25YJG9iamVjdHNZJGFyY2hpdmVyVCR0b3ASAAGGoKgHCBMUFRYaIVUkbnVsbNMJCgsMDxJXTlMua2V5c1pOUy5vYmplY3RzViRjbGFzc6INDoACgAOiEBGABIAFgAdccmVsYXRpdmVQYXRoWWFsaWFzRGF0YV8QPi4uLy4uLy4uLy4uL1BhcGVycyBvdGhlcnMvUmVuZGVyaW5nL1BhcmFsbGVsL0xvYWRCYWxhbmNpbmcucGRm0hcLGBlXTlMuZGF0YU8RAdAAAAAAAdAAAgAACEVmZnJhZmF4AAAAAAAAAAAAAAAAAAAAAAAAANAXorRIKwAAAB7PDxFMb2FkQmFsYW5jaW5nLnBkZgAAAAAAAAAAAAAAAAAAAAAAAAAAAAAAAAAAAAAAAAAAAAAAAAAAAAAAAAAAAAAAHs8py3FyDgAAAAAAAAAAAAQABAAACSAAAAAAAAAAAAAAAAAAAAAIUGFyYWxsZWwAEAAIAADQF4aUAAAAEQAIAADLcWP+AAAAAQAYAB7PDwAezwgAHskZAB4D8QAYmX8AGJguAAIAWUVmZnJhZmF4OlVzZXJzOgBwYWphcm9sYToAUmVzZWFyY2g6AFBhcGVycyBvdGhlcnM6AFJlbmRlcmluZzoAUGFyYWxsZWw6AExvYWRCYWxhbmNpbmcucGRmAAAOACQAEQBMAG8AYQBkAEIAYQBsAGEAbgBjAGkAbgBnAC4AcABkAGYADwASAAgARQBmAGYAcgBhAGYAYQB4ABIASlVzZXJzL3BhamFyb2xhL1Jlc2VhcmNoL1BhcGVycyBvdGhlcnMvUmVuZGVyaW5nL1BhcmFsbGVsL0xvYWRCYWxhbmNpbmcucGRmABMAAS8AABUAAgAP//8AAIAG0hscHR5aJGNsYXNzbmFtZVgkY2xhc3Nlc11OU011dGFibGVEYXRhox0fIFZOU0RhdGFYTlNPYmplY3TSGxwiI1xOU0RpY3Rpb25hcnmiIiBfEA9OU0tleWVkQXJjaGl2ZXLRJidUcm9vdIABAAgAEQAaACMALQAyADcAQABGAE0AVQBgAGcAagBsAG4AcQBzAHUAdwCEAI4AzwDUANwCsAKyArcCwgLLAtkC3QLkAu0C8gL/AwIDFAMXAxwAAAAAAAACAQAAAAAAAAAoAAAAAAAAAAAAAAAAAAADHg==}}

@inproceedings{RS:06,
	Author = {B. Raffin and L. Soares},
	Booktitle = {Proceedings IEEE Virtual Reality},
	Date-Added = {2007-01-31 13:13:20 +0100},
	Date-Modified = {2007-01-31 13:13:20 +0100},
	Keywords = {graphics, parallel rendering},
	Local-Url = {file://localhost/Users/pajarola/Research/Papers%20others/Rendering/Parallel/Survey.pdf},
	Pages = {215--222},
	Title = {{PC} Clusters for Virtual Reality},
	Year = {2006},
	Bdsk-File-1 = {YnBsaXN0MDDUAQIDBAUGJCVYJHZlcnNpb25YJG9iamVjdHNZJGFyY2hpdmVyVCR0b3ASAAGGoKgHCBMUFRYaIVUkbnVsbNMJCgsMDxJXTlMua2V5c1pOUy5vYmplY3RzViRjbGFzc6INDoACgAOiEBGABIAFgAdccmVsYXRpdmVQYXRoWWFsaWFzRGF0YV8QNy4uLy4uLy4uLy4uL1BhcGVycyBvdGhlcnMvUmVuZGVyaW5nL1BhcmFsbGVsL1N1cnZleS5wZGbSFwsYGVdOUy5kYXRhTxEBtAAAAAABtAACAAAIRWZmcmFmYXgAAAAAAAAAAAAAAAAAAAAAAAAA0BeitEgrAAAAHs8PClN1cnZleS5wZGYAAAAAAAAAAAAAAAAAAAAAAAAAAAAAAAAAAAAAAAAAAAAAAAAAAAAAAAAAAAAAAAAAAAAAAAAez0DLcXIOAAAAAAAAAAAABAAEAAAJIAAAAAAAAAAAAAAAAAAAAAhQYXJhbGxlbAAQAAgAANAXhpQAAAARAAgAAMtxY/4AAAABABgAHs8PAB7PCAAeyRkAHgPxABiZfwAYmC4AAgBSRWZmcmFmYXg6VXNlcnM6AHBhamFyb2xhOgBSZXNlYXJjaDoAUGFwZXJzIG90aGVyczoAUmVuZGVyaW5nOgBQYXJhbGxlbDoAU3VydmV5LnBkZgAOABYACgBTAHUAcgB2AGUAeQAuAHAAZABmAA8AEgAIAEUAZgBmAHIAYQBmAGEAeAASAENVc2Vycy9wYWphcm9sYS9SZXNlYXJjaC9QYXBlcnMgb3RoZXJzL1JlbmRlcmluZy9QYXJhbGxlbC9TdXJ2ZXkucGRmAAATAAEvAAAVAAIAD///AACABtIbHB0eWiRjbGFzc25hbWVYJGNsYXNzZXNdTlNNdXRhYmxlRGF0YaMdHyBWTlNEYXRhWE5TT2JqZWN00hscIiNcTlNEaWN0aW9uYXJ5oiIgXxAPTlNLZXllZEFyY2hpdmVy0SYnVHJvb3SAAQAIABEAGgAjAC0AMgA3AEAARgBNAFUAYABnAGoAbABuAHEAcwB1AHcAhACOAMgAzQDVAo0CjwKUAp8CqAK2AroCwQLKAs8C3ALfAvEC9AL5AAAAAAAAAgEAAAAAAAAAKAAAAAAAAAAAAAAAAAAAAvs=}}

@article{JLMV:06,
	Annote = {good example of use and application of wall and high resolution display, and parallel rendering, in geosciences},
	Author = {Johnson, Andrew and Leigh, Jason and Morin, Paul and Van Keken, Peter},
	Date-Added = {2007-01-31 13:13:20 +0100},
	Date-Modified = {2007-01-31 13:13:20 +0100},
	Journal = {IEEE Computer Graphics and Applications},
	Keywords = {visualization, geoscience, tiled display, parallel rendering},
	Month = {November-December},
	Number = {6},
	Pages = {10--14},
	Title = {{GeoWall}: Stereoscopic Visualization for Geoscience Research and Education},
	Volume = {26},
	Year = {2006}}

@inproceedings{NSJLYZ:05,
	Author = {Weifang Nie and Jizhou Sun and Jing Jin and Xiaotu Li and Jie Yang and Jiawan Zhang},
	Booktitle = {Proceedings Computational Science and its Applications},
	Date-Added = {2007-01-31 13:13:20 +0100},
	Date-Modified = {2007-01-31 13:13:20 +0100},
	Keywords = {graphics, volume rendering, parallel rendering},
	Pages = {416--425},
	Series = {Lecture Notes in Computer Science},
	Title = {A Dynamic Parallel Volume Rendering Computation Mode Based on Cluster},
	Volume = {3482},
	Year = {2005}}

@inproceedings{CMF:05,
	Author = {Xavier Cavin and Christophe Mion and Alain Filbois},
	Booktitle = {Proceedings IEEE Visualization},
	Date-Added = {2007-01-31 13:13:20 +0100},
	Date-Modified = {2007-01-31 13:13:20 +0100},
	Keywords = {graphics, parallel rendering},
	Local-Url = {file://localhost/Users/pajarola/Research/Papers%20others/Rendering/Parallel/ClusterBasedSortLast.pdf},
	Pages = {111--118},
	Publisher = {Computer Society Press},
	Title = {{COTS} Cluster-based Sort-last Rendering: Performance Evaluation and Pipelined Implementation},
	Year = {2005},
	Bdsk-File-1 = {YnBsaXN0MDDUAQIDBAUGJCVYJHZlcnNpb25YJG9iamVjdHNZJGFyY2hpdmVyVCR0b3ASAAGGoKgHCBMUFRYaIVUkbnVsbNMJCgsMDxJXTlMua2V5c1pOUy5vYmplY3RzViRjbGFzc6INDoACgAOiEBGABIAFgAdccmVsYXRpdmVQYXRoWWFsaWFzRGF0YV8QRS4uLy4uLy4uLy4uL1BhcGVycyBvdGhlcnMvUmVuZGVyaW5nL1BhcmFsbGVsL0NsdXN0ZXJCYXNlZFNvcnRMYXN0LnBkZtIXCxgZV05TLmRhdGFPEQHsAAAAAAHsAAIAAAhFZmZyYWZheAAAAAAAAAAAAAAAAAAAAAAAAADQF6K0SCsAAAAezw8YQ2x1c3RlckJhc2VkU29ydExhc3QucGRmAAAAAAAAAAAAAAAAAAAAAAAAAAAAAAAAAAAAAAAAAAAAAAAAAAAAAB7PF8txcg4AAAAAAAAAAAAEAAQAAAkgAAAAAAAAAAAAAAAAAAAACFBhcmFsbGVsABAACAAA0BeGlAAAABEACAAAy3Fj/gAAAAEAGAAezw8AHs8IAB7JGQAeA/EAGJl/ABiYLgACAGBFZmZyYWZheDpVc2VyczoAcGFqYXJvbGE6AFJlc2VhcmNoOgBQYXBlcnMgb3RoZXJzOgBSZW5kZXJpbmc6AFBhcmFsbGVsOgBDbHVzdGVyQmFzZWRTb3J0TGFzdC5wZGYADgAyABgAQwBsAHUAcwB0AGUAcgBCAGEAcwBlAGQAUwBvAHIAdABMAGEAcwB0AC4AcABkAGYADwASAAgARQBmAGYAcgBhAGYAYQB4ABIAUVVzZXJzL3BhamFyb2xhL1Jlc2VhcmNoL1BhcGVycyBvdGhlcnMvUmVuZGVyaW5nL1BhcmFsbGVsL0NsdXN0ZXJCYXNlZFNvcnRMYXN0LnBkZgAAEwABLwAAFQACAA///wAAgAbSGxwdHlokY2xhc3NuYW1lWCRjbGFzc2VzXU5TTXV0YWJsZURhdGGjHR8gVk5TRGF0YVhOU09iamVjdNIbHCIjXE5TRGljdGlvbmFyeaIiIF8QD05TS2V5ZWRBcmNoaXZlctEmJ1Ryb290gAEACAARABoAIwAtADIANwBAAEYATQBVAGAAZwBqAGwAbgBxAHMAdQB3AIQAjgDWANsA4wLTAtUC2gLlAu4C/AMAAwcDEAMVAyIDJQM3AzoDPwAAAAAAAAIBAAAAAAAAACgAAAAAAAAAAAAAAAAAAANB}}

@misc{sepia,
	Author = {Lever, Paul G.},
	Date-Added = {2007-01-31 13:13:20 +0100},
	Date-Modified = {2007-01-31 13:13:20 +0100},
	Howpublished = {White paper Manchester Visualization Centre (MVC), University of Manchester},
	Keywords = {graphics, parallel rendering},
	Local-Url = {file://localhost/Users/pajarola/Research/Papers%20others/Rendering/Parallel/SepiaMVCReport.pdf},
	Title = {{SEPIA} -- Applicability to {MVC}},
	Year = {2004},
	Bdsk-File-1 = {YnBsaXN0MDDUAQIDBAUGJCVYJHZlcnNpb25YJG9iamVjdHNZJGFyY2hpdmVyVCR0b3ASAAGGoKgHCBMUFRYaIVUkbnVsbNMJCgsMDxJXTlMua2V5c1pOUy5vYmplY3RzViRjbGFzc6INDoACgAOiEBGABIAFgAdccmVsYXRpdmVQYXRoWWFsaWFzRGF0YV8QPy4uLy4uLy4uLy4uL1BhcGVycyBvdGhlcnMvUmVuZGVyaW5nL1BhcmFsbGVsL1NlcGlhTVZDUmVwb3J0LnBkZtIXCxgZV05TLmRhdGFPEQHUAAAAAAHUAAIAAAhFZmZyYWZheAAAAAAAAAAAAAAAAAAAAAAAAADQF6K0SCsAAAAezw8SU2VwaWFNVkNSZXBvcnQucGRmAAAAAAAAAAAAAAAAAAAAAAAAAAAAAAAAAAAAAAAAAAAAAAAAAAAAAAAAAAAAAB7POstxcg4AAAAAAAAAAAAEAAQAAAkgAAAAAAAAAAAAAAAAAAAACFBhcmFsbGVsABAACAAA0BeGlAAAABEACAAAy3Fj/gAAAAEAGAAezw8AHs8IAB7JGQAeA/EAGJl/ABiYLgACAFpFZmZyYWZheDpVc2VyczoAcGFqYXJvbGE6AFJlc2VhcmNoOgBQYXBlcnMgb3RoZXJzOgBSZW5kZXJpbmc6AFBhcmFsbGVsOgBTZXBpYU1WQ1JlcG9ydC5wZGYADgAmABIAUwBlAHAAaQBhAE0AVgBDAFIAZQBwAG8AcgB0AC4AcABkAGYADwASAAgARQBmAGYAcgBhAGYAYQB4ABIAS1VzZXJzL3BhamFyb2xhL1Jlc2VhcmNoL1BhcGVycyBvdGhlcnMvUmVuZGVyaW5nL1BhcmFsbGVsL1NlcGlhTVZDUmVwb3J0LnBkZgAAEwABLwAAFQACAA///wAAgAbSGxwdHlokY2xhc3NuYW1lWCRjbGFzc2VzXU5TTXV0YWJsZURhdGGjHR8gVk5TRGF0YVhOU09iamVjdNIbHCIjXE5TRGljdGlvbmFyeaIiIF8QD05TS2V5ZWRBcmNoaXZlctEmJ1Ryb290gAEACAARABoAIwAtADIANwBAAEYATQBVAGAAZwBqAGwAbgBxAHMAdQB3AIQAjgDQANUA3QK1ArcCvALHAtAC3gLiAukC8gL3AwQDBwMZAxwDIQAAAAAAAAIBAAAAAAAAACgAAAAAAAAAAAAAAAAAAAMj}}

@inproceedings{AGLLMRR:04,
	Author = {J. Allard and V. Gouranton and L. Lecointre and S. Limet and E. Melin and B. Raffin and S. Robert},
	Booktitle = {Proceedings of Euro-Par},
	Date-Added = {2007-01-31 13:13:20 +0100},
	Date-Modified = {2007-01-31 13:13:20 +0100},
	Keywords = {graphics, parallel rendering},
	Local-Url = {file://localhost/Users/pajarola/Research/Papers%20others/Rendering/Parallel/FlowVR.pdf},
	Pages = {497--505},
	Series = {Lecture Notes in Computer Science},
	Title = {{FlowVR}: a Middleware for Large Scale Virtual Reality Applications},
	Volume = {3149/2004},
	Year = {2004},
	Bdsk-File-1 = {YnBsaXN0MDDUAQIDBAUGJCVYJHZlcnNpb25YJG9iamVjdHNZJGFyY2hpdmVyVCR0b3ASAAGGoKgHCBMUFRYaIVUkbnVsbNMJCgsMDxJXTlMua2V5c1pOUy5vYmplY3RzViRjbGFzc6INDoACgAOiEBGABIAFgAdccmVsYXRpdmVQYXRoWWFsaWFzRGF0YV8QNy4uLy4uLy4uLy4uL1BhcGVycyBvdGhlcnMvUmVuZGVyaW5nL1BhcmFsbGVsL0Zsb3dWUi5wZGbSFwsYGVdOUy5kYXRhTxEBtAAAAAABtAACAAAIRWZmcmFmYXgAAAAAAAAAAAAAAAAAAAAAAAAA0BeitEgrAAAAHs8PCkZsb3dWUi5wZGYAAAAAAAAAAAAAAAAAAAAAAAAAAAAAAAAAAAAAAAAAAAAAAAAAAAAAAAAAAAAAAAAAAAAAAAAezyPLcXIOAAAAAAAAAAAABAAEAAAJIAAAAAAAAAAAAAAAAAAAAAhQYXJhbGxlbAAQAAgAANAXhpQAAAARAAgAAMtxY/4AAAABABgAHs8PAB7PCAAeyRkAHgPxABiZfwAYmC4AAgBSRWZmcmFmYXg6VXNlcnM6AHBhamFyb2xhOgBSZXNlYXJjaDoAUGFwZXJzIG90aGVyczoAUmVuZGVyaW5nOgBQYXJhbGxlbDoARmxvd1ZSLnBkZgAOABYACgBGAGwAbwB3AFYAUgAuAHAAZABmAA8AEgAIAEUAZgBmAHIAYQBmAGEAeAASAENVc2Vycy9wYWphcm9sYS9SZXNlYXJjaC9QYXBlcnMgb3RoZXJzL1JlbmRlcmluZy9QYXJhbGxlbC9GbG93VlIucGRmAAATAAEvAAAVAAIAD///AACABtIbHB0eWiRjbGFzc25hbWVYJGNsYXNzZXNdTlNNdXRhYmxlRGF0YaMdHyBWTlNEYXRhWE5TT2JqZWN00hscIiNcTlNEaWN0aW9uYXJ5oiIgXxAPTlNLZXllZEFyY2hpdmVy0SYnVHJvb3SAAQAIABEAGgAjAC0AMgA3AEAARgBNAFUAYABnAGoAbABuAHEAcwB1AHcAhACOAMgAzQDVAo0CjwKUAp8CqAK2AroCwQLKAs8C3ALfAvEC9AL5AAAAAAAAAgEAAAAAAAAAKAAAAAAAAAAAAAAAAAAAAvs=}}

@inproceedings{HEBSEH:01,
	Author = {Humphreys, Greg and Eldridge, Matthew and Buck, Ian and Stoll, Gordan and Everett, Matthew and Hanrahan, Pat},
	Booktitle = {Proceedings Annual Conference on Computer Graphics and Interactive Techniques},
	Keywords = {cluster rendering, parallel rendering, remote graphics, scalable rendering, tiled displays, virtual graphics},
	Pages = {129--140},
	Title = {{WireGL}: A Scalable Graphics System for Clusters},
	Year = {2001}}

@inproceedings{NHM:11,
	Author = {Neal, Braden and Hunkin, Paul and McGregor, Antony},
	Booktitle = {Proceedings Eurographics Conference on Parallel Graphics and Visualization},
	Editor = {Kuhlen, Torsten and Pajarola, Renato and Zhou, Kun},
	Pages = {21--29},
	Publisher = {Eurographics Association},
	Title = {Distributed {OpenGL} Rendering in Network Bandwidth Constrained Environments},
	Year = {2011}}

@article{HHNFAKK:02,
	Author = {Humphreys, Greg and Houston, Mike and Ng, Ren and Frank, Randall and Ahern, Sean and Kirchner, Peter~D. and Klosowski, James~T.},
	Booktitle = {Proceedings ACM SIGGRAPH},
	Date-Added = {2007-01-31 13:13:20 +0100},
	Date-Modified = {2007-01-31 13:13:20 +0100},
	Journal = {ACM Transactions on Graphics},
	Keywords = {graphics, parallel rendering},
	Local-Url = {file://localhost/Users/pajarola/Research/Papers%20others/Rendering/Parallel/Chromium.pdf},
	Number = {3},
	Pages = {693--702},
	Publisher = {ACM Press},
	Title = {Chromium: A Stream-Processing Framework for Interactive Rendering on Clusters},
	Volume = {21},
	Year = {2002},
	Bdsk-File-1 = {YnBsaXN0MDDUAQIDBAUGJCVYJHZlcnNpb25YJG9iamVjdHNZJGFyY2hpdmVyVCR0b3ASAAGGoKgHCBMUFRYaIVUkbnVsbNMJCgsMDxJXTlMua2V5c1pOUy5vYmplY3RzViRjbGFzc6INDoACgAOiEBGABIAFgAdccmVsYXRpdmVQYXRoWWFsaWFzRGF0YV8QOS4uLy4uLy4uLy4uL1BhcGVycyBvdGhlcnMvUmVuZGVyaW5nL1BhcmFsbGVsL0Nocm9taXVtLnBkZtIXCxgZV05TLmRhdGFPEQG8AAAAAAG8AAIAAAhFZmZyYWZheAAAAAAAAAAAAAAAAAAAAAAAAADQF6K0SCsAAAAezw8MQ2hyb21pdW0ucGRmAAAAAAAAAAAAAAAAAAAAAAAAAAAAAAAAAAAAAAAAAAAAAAAAAAAAAAAAAAAAAAAAAAAAAB7PFctxcg4AAAAAAAAAAAAEAAQAAAkgAAAAAAAAAAAAAAAAAAAACFBhcmFsbGVsABAACAAA0BeGlAAAABEACAAAy3Fj/gAAAAEAGAAezw8AHs8IAB7JGQAeA/EAGJl/ABiYLgACAFRFZmZyYWZheDpVc2VyczoAcGFqYXJvbGE6AFJlc2VhcmNoOgBQYXBlcnMgb3RoZXJzOgBSZW5kZXJpbmc6AFBhcmFsbGVsOgBDaHJvbWl1bS5wZGYADgAaAAwAQwBoAHIAbwBtAGkAdQBtAC4AcABkAGYADwASAAgARQBmAGYAcgBhAGYAYQB4ABIARVVzZXJzL3BhamFyb2xhL1Jlc2VhcmNoL1BhcGVycyBvdGhlcnMvUmVuZGVyaW5nL1BhcmFsbGVsL0Nocm9taXVtLnBkZgAAEwABLwAAFQACAA///wAAgAbSGxwdHlokY2xhc3NuYW1lWCRjbGFzc2VzXU5TTXV0YWJsZURhdGGjHR8gVk5TRGF0YVhOU09iamVjdNIbHCIjXE5TRGljdGlvbmFyeaIiIF8QD05TS2V5ZWRBcmNoaXZlctEmJ1Ryb290gAEACAARABoAIwAtADIANwBAAEYATQBVAGAAZwBqAGwAbgBxAHMAdQB3AIQAjgDKAM8A1wKXApkCngKpArICwALEAssC1ALZAuYC6QL7Av4DAwAAAAAAAAIBAAAAAAAAACgAAAAAAAAAAAAAAAAAAAMF}}

@inproceedings{GS:02,
	Author = {Garcia, Antonia and Shen, Han-Wei},
	Booktitle = {Proceedings Eurographics Workshop on Parallel Graphics and Visualization},
	Date-Added = {2007-01-31 13:13:20 +0100},
	Date-Modified = {2007-01-31 13:13:20 +0100},
	Keywords = {visualization, volume rendering, parallel rendering},
	Pages = {51--60},
	Title = {An Interleaved Parallel Volume Renderer with {PC}-Clusters},
	Year = {2002}}

@inproceedings{SL:02,
	Author = {Schulze, J{\"u}rgen~P. and Lang, Ulrich},
	Booktitle = {Proceedings Eurographics Workshop on Parallel Graphics and Visualization},
	Date-Added = {2007-01-31 13:13:20 +0100},
	Date-Modified = {2007-01-31 13:13:20 +0100},
	Keywords = {visualization, volume rendering, parallel rendering},
	Pages = {61--70},
	Title = {The Parallelization of the Perspective Shear-Warp Volume Rendering Algorithm},
	Year = {2002}}

@techreport{LMSBHa:01,
	Annote = {application of Sepia-2 parallel rendering system},
	Author = {Lombeyda, Santiago and Moll, Laurent and Shand, Mark and Breen, David and Heirich, Alan},
	Date-Added = {2007-01-31 13:13:20 +0100},
	Date-Modified = {2007-01-31 13:19:30 +0100},
	Institution = {California Institute of Technology},
	Keywords = {graphics, parallel rendering},
	Local-Url = {file://localhost/Users/pajarola/Research/Papers%20others/Rendering/Parallel/ScalableVolumeRendering.pdf},
	Number = {CACR-2001-189},
	Title = {Scalable Interactive Volume Rendering Using Off-the-Shelf Components},
	Year = {2001},
	Bdsk-File-1 = {YnBsaXN0MDDUAQIDBAUGJCVYJHZlcnNpb25YJG9iamVjdHNZJGFyY2hpdmVyVCR0b3ASAAGGoKgHCBMUFRYaIVUkbnVsbNMJCgsMDxJXTlMua2V5c1pOUy5vYmplY3RzViRjbGFzc6INDoACgAOiEBGABIAFgAdccmVsYXRpdmVQYXRoWWFsaWFzRGF0YV8QRS4uLy4uLy4uL1BhcGVycyBvdGhlcnMvUmVuZGVyaW5nL1BhcmFsbGVsL1NjYWxhYmxlVm9sdW1lUmVuZGVyaW5nLnBkZtIXCxgZV05TLmRhdGFPEQHyAAAAAAHyAAIAAAhFZmZyYWZheAAAAAAAAAAAAAAAAAAAAAAAAAC+X4mxSCsAAAAf7yQbU2NhbGFibGVWb2x1bWVSZW5kZXJpbmcucGRmAAAAAAAAAAAAAAAAAAAAAAAAAAAAAAAAAAAAAAAAAAAAAAAAAB/vdLebeuUAAAAAAAAAAAADAAQAAAkgAAAAAAAAAAAAAAAAAAAACFBhcmFsbGVsABAACAAAvl97oQAAABEACAAAt5texQAAAAEAGAAf7yQAH+2qAB+3LAAfAyQAHvETAAB7WwACAF1FZmZyYWZheDpVc2VyczpwYWphcm9sYTpSZXNlYXJjaDpQYXBlcnMgb3RoZXJzOlJlbmRlcmluZzpQYXJhbGxlbDpTY2FsYWJsZVZvbHVtZVJlbmRlcmluZy5wZGYAAA4AOAAbAFMAYwBhAGwAYQBiAGwAZQBWAG8AbAB1AG0AZQBSAGUAbgBkAGUAcgBpAG4AZwAuAHAAZABmAA8AEgAIAEUAZgBmAHIAYQBmAGEAeAASAFRVc2Vycy9wYWphcm9sYS9SZXNlYXJjaC9QYXBlcnMgb3RoZXJzL1JlbmRlcmluZy9QYXJhbGxlbC9TY2FsYWJsZVZvbHVtZVJlbmRlcmluZy5wZGYAEwABLwAAFQACAA///wAAgAbSGxwdHlokY2xhc3NuYW1lWCRjbGFzc2VzXU5TTXV0YWJsZURhdGGjHR8gVk5TRGF0YVhOU09iamVjdNIbHCIjXE5TRGljdGlvbmFyeaIiIF8QD05TS2V5ZWRBcmNoaXZlctEmJ1Ryb290gAEACAARABoAIwAtADIANwBAAEYATQBVAGAAZwBqAGwAbgBxAHMAdQB3AIQAjgDWANsA4wLZAtsC4ALrAvQDAgMGAw0DFgMbAygDKwM9A0ADRQAAAAAAAAIBAAAAAAAAACgAAAAAAAAAAAAAAAAAAANH}}

@article{YYC:01,
	Author = {Don-Lin Yang and Jen-Chih Yu and Yeh-Ching Chung},
	Date-Added = {2007-01-31 13:13:20 +0100},
	Date-Modified = {2007-01-31 13:13:20 +0100},
	Journal = {Journal of Supercomputing},
	Keywords = {visualization, parallel rendering, volume rendering},
	Local-Url = {file://localhost/Users/pajarola/Research/Papers%20others/Rendering/Parallel/EfficientCompositing.pdf},
	Month = {February},
	Number = {2},
	Pages = {201--22-},
	Title = {Efficient Compositing Methods for the Sort-Last-Sparse Parallel Volume Rendering System on Distributed Memory Multicomputers},
	Volume = {18},
	Year = {2001},
	Bdsk-File-1 = {YnBsaXN0MDDUAQIDBAUGJCVYJHZlcnNpb25YJG9iamVjdHNZJGFyY2hpdmVyVCR0b3ASAAGGoKgHCBMUFRYaIVUkbnVsbNMJCgsMDxJXTlMua2V5c1pOUy5vYmplY3RzViRjbGFzc6INDoACgAOiEBGABIAFgAdccmVsYXRpdmVQYXRoWWFsaWFzRGF0YV8QRS4uLy4uLy4uLy4uL1BhcGVycyBvdGhlcnMvUmVuZGVyaW5nL1BhcmFsbGVsL0VmZmljaWVudENvbXBvc2l0aW5nLnBkZtIXCxgZV05TLmRhdGFPEQHsAAAAAAHsAAIAAAhFZmZyYWZheAAAAAAAAAAAAAAAAAAAAAAAAADQF6K0SCsAAAAezw8YRWZmaWNpZW50Q29tcG9zaXRpbmcucGRmAAAAAAAAAAAAAAAAAAAAAAAAAAAAAAAAAAAAAAAAAAAAAAAAAAAAAB7PHstxcg4AAAAAAAAAAAAEAAQAAAkgAAAAAAAAAAAAAAAAAAAACFBhcmFsbGVsABAACAAA0BeGlAAAABEACAAAy3Fj/gAAAAEAGAAezw8AHs8IAB7JGQAeA/EAGJl/ABiYLgACAGBFZmZyYWZheDpVc2VyczoAcGFqYXJvbGE6AFJlc2VhcmNoOgBQYXBlcnMgb3RoZXJzOgBSZW5kZXJpbmc6AFBhcmFsbGVsOgBFZmZpY2llbnRDb21wb3NpdGluZy5wZGYADgAyABgARQBmAGYAaQBjAGkAZQBuAHQAQwBvAG0AcABvAHMAaQB0AGkAbgBnAC4AcABkAGYADwASAAgARQBmAGYAcgBhAGYAYQB4ABIAUVVzZXJzL3BhamFyb2xhL1Jlc2VhcmNoL1BhcGVycyBvdGhlcnMvUmVuZGVyaW5nL1BhcmFsbGVsL0VmZmljaWVudENvbXBvc2l0aW5nLnBkZgAAEwABLwAAFQACAA///wAAgAbSGxwdHlokY2xhc3NuYW1lWCRjbGFzc2VzXU5TTXV0YWJsZURhdGGjHR8gVk5TRGF0YVhOU09iamVjdNIbHCIjXE5TRGljdGlvbmFyeaIiIF8QD05TS2V5ZWRBcmNoaXZlctEmJ1Ryb290gAEACAARABoAIwAtADIANwBAAEYATQBVAGAAZwBqAGwAbgBxAHMAdQB3AIQAjgDWANsA4wLTAtUC2gLlAu4C/AMAAwcDEAMVAyIDJQM3AzoDPwAAAAAAAAIBAAAAAAAAACgAAAAAAAAAAAAAAAAAAANB}}

@inproceedings{HSCSM:00,
	Author = {Jian Huang and Naeem Shareef and Roger Crawfis and P. Sadayappan and Klaus Mueller},
	Booktitle = {Proceedings Eurographics Workshop on Parallel Graphics and Visualization},
	Date-Added = {2007-01-31 13:13:20 +0100},
	Date-Modified = {2007-01-31 13:13:20 +0100},
	Keywords = {visualization, volume rendering, splatting, parallel rendering},
	Title = {A Parallel Splatting Algorithm with Occlusion Culling},
	Year = {2000}}

@article{LSSP:02,
	Author = {Larson, Stefan M. and Snow, Christopher D. and Shirts, Michael and Pande, Vijay S.},
	Journal = {Computational Genomics},
	Title = {{Folding@Home} and {Genome@Home}: Using Distributed Computing to Tackle Previously Intractable Problems in Computational Biology},
	Year = {2002}}

@inproceedings{MHS:99a,
	Author = {Moll, Laurent and Heirich, Alan and Shand, Mark},
	Booktitle = {Proceedings IEEE Symposium on Field-Programmable Custom Computing Machines},
	Date-Added = {2007-01-31 13:13:20 +0100},
	Date-Modified = {2007-01-31 13:13:20 +0100},
	Keywords = {graphics, parallel rendering},
	Local-Url = {file://localhost/Users/pajarola/Research/Papers%20others/Rendering/Parallel/Sepia.pdf},
	Pages = {146--155},
	Title = {Sepia: scalable {3D} compositing using {PCI} Pamette},
	Year = {1999},
	Bdsk-File-1 = {YnBsaXN0MDDUAQIDBAUGJCVYJHZlcnNpb25YJG9iamVjdHNZJGFyY2hpdmVyVCR0b3ASAAGGoKgHCBMUFRYaIVUkbnVsbNMJCgsMDxJXTlMua2V5c1pOUy5vYmplY3RzViRjbGFzc6INDoACgAOiEBGABIAFgAdccmVsYXRpdmVQYXRoWWFsaWFzRGF0YV8QNi4uLy4uLy4uLy4uL1BhcGVycyBvdGhlcnMvUmVuZGVyaW5nL1BhcmFsbGVsL1NlcGlhLnBkZtIXCxgZV05TLmRhdGFPEQGwAAAAAAGwAAIAAAhFZmZyYWZheAAAAAAAAAAAAAAAAAAAAAAAAADQF6K0SCsAAAAezw8JU2VwaWEucGRmAAAAAAAAAAAAAAAAAAAAAAAAAAAAAAAAAAAAAAAAAAAAAAAAAAAAAAAAAAAAAAAAAAAAAAAAAB7POctxcg4AAAAAAAAAAAAEAAQAAAkgAAAAAAAAAAAAAAAAAAAACFBhcmFsbGVsABAACAAA0BeGlAAAABEACAAAy3Fj/gAAAAEAGAAezw8AHs8IAB7JGQAeA/EAGJl/ABiYLgACAFFFZmZyYWZheDpVc2VyczoAcGFqYXJvbGE6AFJlc2VhcmNoOgBQYXBlcnMgb3RoZXJzOgBSZW5kZXJpbmc6AFBhcmFsbGVsOgBTZXBpYS5wZGYAAA4AFAAJAFMAZQBwAGkAYQAuAHAAZABmAA8AEgAIAEUAZgBmAHIAYQBmAGEAeAASAEJVc2Vycy9wYWphcm9sYS9SZXNlYXJjaC9QYXBlcnMgb3RoZXJzL1JlbmRlcmluZy9QYXJhbGxlbC9TZXBpYS5wZGYAEwABLwAAFQACAA///wAAgAbSGxwdHlokY2xhc3NuYW1lWCRjbGFzc2VzXU5TTXV0YWJsZURhdGGjHR8gVk5TRGF0YVhOU09iamVjdNIbHCIjXE5TRGljdGlvbmFyeaIiIF8QD05TS2V5ZWRBcmNoaXZlctEmJ1Ryb290gAEACAARABoAIwAtADIANwBAAEYATQBVAGAAZwBqAGwAbgBxAHMAdQB3AIQAjgDHAMwA1AKIAooCjwKaAqMCsQK1ArwCxQLKAtcC2gLsAu8C9AAAAAAAAAIBAAAAAAAAACgAAAAAAAAAAAAAAAAAAAL2}}

@inproceedings{Wittenbrink:98,
	Author = {Wittenbrink, Craig~M.},
	Booktitle = {Proceedings Parallel and Distributed Processing Techniques and Applications},
	Date-Added = {2007-01-31 13:13:20 +0100},
	Date-Modified = {2007-01-31 13:13:20 +0100},
	Keywords = {visualization, volume rendering, parallel rendering},
	Local-Url = {file://localhost/Users/pajarola/Research/Papers%20others/Volume/Parallel/Survey.pdf},
	Pages = {1329--1336},
	Title = {Survey of Parallel Volume Rendering Algorithms},
	Year = {1998},
	Bdsk-File-1 = {YnBsaXN0MDDUAQIDBAUGJCVYJHZlcnNpb25YJG9iamVjdHNZJGFyY2hpdmVyVCR0b3ASAAGGoKgHCBMUFRYaIVUkbnVsbNMJCgsMDxJXTlMua2V5c1pOUy5vYmplY3RzViRjbGFzc6INDoACgAOiEBGABIAFgAdccmVsYXRpdmVQYXRoWWFsaWFzRGF0YV8QNC4uLy4uLy4uLy4uL1BhcGVycyBvdGhlcnMvVm9sdW1lL1BhcmFsbGVsL1N1cnZleS5wZGbSFwsYGVdOUy5kYXRhTxEBrgAAAAABrgACAAAIRWZmcmFmYXgAAAAAAAAAAAAAAAAAAAAAAAAA0BeitEgrAAAAHtBXClN1cnZleS5wZGYAAAAAAAAAAAAAAAAAAAAAAAAAAAAAAAAAAAAAAAAAAAAAAAAAAAAAAAAAAAAAAAAAAAAAAAAe0GXLcXIOAAAAAAAAAAAABAAEAAAJIAAAAAAAAAAAAAAAAAAAAAhQYXJhbGxlbAAQAAgAANAXhpQAAAARAAgAAMtxY/4AAAABABgAHtBXAB7P+AAeyRkAHgPxABiZfwAYmC4AAgBPRWZmcmFmYXg6VXNlcnM6AHBhamFyb2xhOgBSZXNlYXJjaDoAUGFwZXJzIG90aGVyczoAVm9sdW1lOgBQYXJhbGxlbDoAU3VydmV5LnBkZgAADgAWAAoAUwB1AHIAdgBlAHkALgBwAGQAZgAPABIACABFAGYAZgByAGEAZgBhAHgAEgBAVXNlcnMvcGFqYXJvbGEvUmVzZWFyY2gvUGFwZXJzIG90aGVycy9Wb2x1bWUvUGFyYWxsZWwvU3VydmV5LnBkZgATAAEvAAAVAAIAD///AACABtIbHB0eWiRjbGFzc25hbWVYJGNsYXNzZXNdTlNNdXRhYmxlRGF0YaMdHyBWTlNEYXRhWE5TT2JqZWN00hscIiNcTlNEaWN0aW9uYXJ5oiIgXxAPTlNLZXllZEFyY2hpdmVy0SYnVHJvb3SAAQAIABEAGgAjAC0AMgA3AEAARgBNAFUAYABnAGoAbABuAHEAcwB1AHcAhACOAMUAygDSAoQChgKLApYCnwKtArECuALBAsYC0wLWAugC6wLwAAAAAAAAAgEAAAAAAAAAKAAAAAAAAAAAAAAAAAAAAvI=}}

@inproceedings{AP:98,
	Author = {James Ahrens and James Painter},
	Booktitle = {Proceedings Eurographics Workshop on Parallel Graphics and Visualization},
	Date-Added = {2007-01-31 13:13:20 +0100},
	Date-Modified = {2007-01-31 13:13:20 +0100},
	Keywords = {graphics, parallel rendering},
	Local-Url = {file://localhost/Users/pajarola/Research/Papers%20others/Rendering/Parallel/EfficientSortLast.pdf},
	Title = {Efficient Sort-Last Rendering Using Compression-Based Image Compositing},
	Year = {1998},
	Bdsk-File-1 = {YnBsaXN0MDDUAQIDBAUGJCVYJHZlcnNpb25YJG9iamVjdHNZJGFyY2hpdmVyVCR0b3ASAAGGoKgHCBMUFRYaIVUkbnVsbNMJCgsMDxJXTlMua2V5c1pOUy5vYmplY3RzViRjbGFzc6INDoACgAOiEBGABIAFgAdccmVsYXRpdmVQYXRoWWFsaWFzRGF0YV8QQi4uLy4uLy4uLy4uL1BhcGVycyBvdGhlcnMvUmVuZGVyaW5nL1BhcmFsbGVsL0VmZmljaWVudFNvcnRMYXN0LnBkZtIXCxgZV05TLmRhdGFPEQHgAAAAAAHgAAIAAAhFZmZyYWZheAAAAAAAAAAAAAAAAAAAAAAAAADQF6K0SCsAAAAezw8VRWZmaWNpZW50U29ydExhc3QucGRmAAAAAAAAAAAAAAAAAAAAAAAAAAAAAAAAAAAAAAAAAAAAAAAAAAAAAAAAAB7PH8txcg4AAAAAAAAAAAAEAAQAAAkgAAAAAAAAAAAAAAAAAAAACFBhcmFsbGVsABAACAAA0BeGlAAAABEACAAAy3Fj/gAAAAEAGAAezw8AHs8IAB7JGQAeA/EAGJl/ABiYLgACAF1FZmZyYWZheDpVc2VyczoAcGFqYXJvbGE6AFJlc2VhcmNoOgBQYXBlcnMgb3RoZXJzOgBSZW5kZXJpbmc6AFBhcmFsbGVsOgBFZmZpY2llbnRTb3J0TGFzdC5wZGYAAA4ALAAVAEUAZgBmAGkAYwBpAGUAbgB0AFMAbwByAHQATABhAHMAdAAuAHAAZABmAA8AEgAIAEUAZgBmAHIAYQBmAGEAeAASAE5Vc2Vycy9wYWphcm9sYS9SZXNlYXJjaC9QYXBlcnMgb3RoZXJzL1JlbmRlcmluZy9QYXJhbGxlbC9FZmZpY2llbnRTb3J0TGFzdC5wZGYAEwABLwAAFQACAA///wAAgAbSGxwdHlokY2xhc3NuYW1lWCRjbGFzc2VzXU5TTXV0YWJsZURhdGGjHR8gVk5TRGF0YVhOU09iamVjdNIbHCIjXE5TRGljdGlvbmFyeaIiIF8QD05TS2V5ZWRBcmNoaXZlctEmJ1Ryb290gAEACAARABoAIwAtADIANwBAAEYATQBVAGAAZwBqAGwAbgBxAHMAdQB3AIQAjgDTANgA4ALEAsYCywLWAt8C7QLxAvgDAQMGAxMDFgMoAysDMAAAAAAAAAIBAAAAAAAAACgAAAAAAAAAAAAAAAAAAAMy}}

@article{Crockett:97,
	Author = {Crockett, T.~W.},
	Date-Added = {2007-01-31 13:13:20 +0100},
	Date-Modified = {2007-01-31 13:13:20 +0100},
	Journal = {Parallel Computing},
	Keywords = {graphics, parallel rendering},
	Pages = {819--843},
	Title = {An Introduction to Parallel Rendering},
	Volume = {23},
	Year = {1997}}

@inproceedings{LWMT:97,
	Author = {Li, Peggy~P. and Whitman, Scott and Mendoza, Roberto and Tsiao, James},
	Booktitle = {Proceedings IEEE Parallel Rendering Symposium},
	Date-Added = {2007-01-31 13:13:20 +0100},
	Date-Modified = {2007-01-31 13:13:20 +0100},
	Keywords = {visualization, volume rendering, splatting, parallel rendering},
	Pages = {7--14},
	Title = {{ParVox}: A Parallel Splatting Volume Rendering System for Distributed Visualization},
	Year = {1997}}

@inproceedings{Mueller:97,
	Author = {Mueller, Carl},
	Booktitle = {Proceedings IEEE Symposium on Parallel Rendering},
	Date-Added = {2007-01-31 13:13:20 +0100},
	Date-Modified = {2007-01-31 13:13:20 +0100},
	Keywords = {graphics, parallel rendering},
	Local-Url = {file://localhost/Users/pajarola/Research/Papers%20others/Rendering/Parallel/p49-mueller.pdf},
	Pages = {49--},
	Publisher = {Computer Society Press},
	Title = {Hierarchical Graphics Databases in Sort-First},
	Year = {1997},
	Bdsk-File-1 = {YnBsaXN0MDDUAQIDBAUGJCVYJHZlcnNpb25YJG9iamVjdHNZJGFyY2hpdmVyVCR0b3ASAAGGoKgHCBMUFRYaIVUkbnVsbNMJCgsMDxJXTlMua2V5c1pOUy5vYmplY3RzViRjbGFzc6INDoACgAOiEBGABIAFgAdccmVsYXRpdmVQYXRoWWFsaWFzRGF0YV8QPC4uLy4uLy4uLy4uL1BhcGVycyBvdGhlcnMvUmVuZGVyaW5nL1BhcmFsbGVsL3A0OS1tdWVsbGVyLnBkZtIXCxgZV05TLmRhdGFPEQHIAAAAAAHIAAIAAAhFZmZyYWZheAAAAAAAAAAAAAAAAAAAAAAAAADQF6K0SCsAAAAezw8PcDQ5LW11ZWxsZXIucGRmAAAAAAAAAAAAAAAAAAAAAAAAAAAAAAAAAAAAAAAAAAAAAAAAAAAAAAAAAAAAAAAAAB7PLstxcg4AAAAAAAAAAAAEAAQAAAkgAAAAAAAAAAAAAAAAAAAACFBhcmFsbGVsABAACAAA0BeGlAAAABEACAAAy3Fj/gAAAAEAGAAezw8AHs8IAB7JGQAeA/EAGJl/ABiYLgACAFdFZmZyYWZheDpVc2VyczoAcGFqYXJvbGE6AFJlc2VhcmNoOgBQYXBlcnMgb3RoZXJzOgBSZW5kZXJpbmc6AFBhcmFsbGVsOgBwNDktbXVlbGxlci5wZGYAAA4AIAAPAHAANAA5AC0AbQB1AGUAbABsAGUAcgAuAHAAZABmAA8AEgAIAEUAZgBmAHIAYQBmAGEAeAASAEhVc2Vycy9wYWphcm9sYS9SZXNlYXJjaC9QYXBlcnMgb3RoZXJzL1JlbmRlcmluZy9QYXJhbGxlbC9wNDktbXVlbGxlci5wZGYAEwABLwAAFQACAA///wAAgAbSGxwdHlokY2xhc3NuYW1lWCRjbGFzc2VzXU5TTXV0YWJsZURhdGGjHR8gVk5TRGF0YVhOU09iamVjdNIbHCIjXE5TRGljdGlvbmFyeaIiIF8QD05TS2V5ZWRBcmNoaXZlctEmJ1Ryb290gAEACAARABoAIwAtADIANwBAAEYATQBVAGAAZwBqAGwAbgBxAHMAdQB3AIQAjgDNANIA2gKmAqgCrQK4AsECzwLTAtoC4wLoAvUC+AMKAw0DEgAAAAAAAAIBAAAAAAAAACgAAAAAAAAAAAAAAAAAAAMU}}

@article{LDC:96,
	Author = {Li, P. Peggy and Duquette, William H. and Curkendall, David W.},
	Date-Added = {2007-01-31 13:13:20 +0100},
	Date-Modified = {2007-01-31 13:13:20 +0100},
	Journal = {IEEE Transactions on Visualization and Computer Graphics},
	Keywords = {visualization, parallel rendering},
	Local-Url = {file://localhost/Users/pajarola/Research/Papers%20others/Rendering/Parallel/RIVA.pdf},
	Number = {3},
	Pages = {186--201},
	Title = {{RIVA}: A Versatile Parallel Rendering System for Interactive Scientific Visualization},
	Volume = {2},
	Year = {1996},
	Bdsk-File-1 = {YnBsaXN0MDDUAQIDBAUGJCVYJHZlcnNpb25YJG9iamVjdHNZJGFyY2hpdmVyVCR0b3ASAAGGoKgHCBMUFRYaIVUkbnVsbNMJCgsMDxJXTlMua2V5c1pOUy5vYmplY3RzViRjbGFzc6INDoACgAOiEBGABIAFgAdccmVsYXRpdmVQYXRoWWFsaWFzRGF0YV8QNS4uLy4uLy4uLy4uL1BhcGVycyBvdGhlcnMvUmVuZGVyaW5nL1BhcmFsbGVsL1JJVkEucGRm0hcLGBlXTlMuZGF0YU8RAawAAAAAAawAAgAACEVmZnJhZmF4AAAAAAAAAAAAAAAAAAAAAAAAANAXorRIKwAAAB7PDwhSSVZBLnBkZgAAAAAAAAAAAAAAAAAAAAAAAAAAAAAAAAAAAAAAAAAAAAAAAAAAAAAAAAAAAAAAAAAAAAAAAAAAHs81y3FyDgAAAAAAAAAAAAQABAAACSAAAAAAAAAAAAAAAAAAAAAIUGFyYWxsZWwAEAAIAADQF4aUAAAAEQAIAADLcWP+AAAAAQAYAB7PDwAezwgAHskZAB4D8QAYmX8AGJguAAIAUEVmZnJhZmF4OlVzZXJzOgBwYWphcm9sYToAUmVzZWFyY2g6AFBhcGVycyBvdGhlcnM6AFJlbmRlcmluZzoAUGFyYWxsZWw6AFJJVkEucGRmAA4AEgAIAFIASQBWAEEALgBwAGQAZgAPABIACABFAGYAZgByAGEAZgBhAHgAEgBBVXNlcnMvcGFqYXJvbGEvUmVzZWFyY2gvUGFwZXJzIG90aGVycy9SZW5kZXJpbmcvUGFyYWxsZWwvUklWQS5wZGYAABMAAS8AABUAAgAP//8AAIAG0hscHR5aJGNsYXNzbmFtZVgkY2xhc3Nlc11OU011dGFibGVEYXRhox0fIFZOU0RhdGFYTlNPYmplY3TSGxwiI1xOU0RpY3Rpb25hcnmiIiBfEA9OU0tleWVkQXJjaGl2ZXLRJidUcm9vdIABAAgAEQAaACMALQAyADcAQABGAE0AVQBgAGcAagBsAG4AcQBzAHUAdwCEAI4AxgDLANMCgwKFAooClQKeAqwCsAK3AsACxQLSAtUC5wLqAu8AAAAAAAACAQAAAAAAAAAoAAAAAAAAAAAAAAAAAAAC8Q==}}

@article{AG:95,
	Author = {Agranov, Gennady and Gotsman, Craig},
	Date-Added = {2007-01-31 13:13:20 +0100},
	Date-Modified = {2007-01-31 13:13:20 +0100},
	Journal = {The Visual Computer},
	Keywords = {graphics, terrain, parallel rendering},
	Local-Url = {file://localhost/Users/pajarola/Research/Papers%20others/Terrain/Parallel/ParallelTerrainRendering.pdf},
	Number = {9},
	Pages = {455--464},
	Title = {Algorithms for Rendering Realistic Terrain Image Sequences and their Parallel Implementation},
	Volume = {11},
	Year = {1995},
	Bdsk-File-1 = {YnBsaXN0MDDUAQIDBAUGJCVYJHZlcnNpb25YJG9iamVjdHNZJGFyY2hpdmVyVCR0b3ASAAGGoKgHCBMUFRYaIVUkbnVsbNMJCgsMDxJXTlMua2V5c1pOUy5vYmplY3RzViRjbGFzc6INDoACgAOiEBGABIAFgAdccmVsYXRpdmVQYXRoWWFsaWFzRGF0YV8QRy4uLy4uLy4uLy4uL1BhcGVycyBvdGhlcnMvVGVycmFpbi9QYXJhbGxlbC9QYXJhbGxlbFRlcnJhaW5SZW5kZXJpbmcucGRm0hcLGBlXTlMuZGF0YU8RAfgAAAAAAfgAAgAACEVmZnJhZmF4AAAAAAAAAAAAAAAAAAAAAAAAANAXorRIKwAAAB7PlRxQYXJhbGxlbFRlcnJhaW5SZW5kZXJpbmcucGRmAAAAAAAAAAAAAAAAAAAAAAAAAAAAAAAAAAAAAAAAAAAAAAAAHs+Wy3FyDgAAAAAAAAAAAAQABAAACSAAAAAAAAAAAAAAAAAAAAAIUGFyYWxsZWwAEAAIAADQF4aUAAAAEQAIAADLcWP+AAAAAQAYAB7PlQAez4YAHskZAB4D8QAYmX8AGJguAAIAYkVmZnJhZmF4OlVzZXJzOgBwYWphcm9sYToAUmVzZWFyY2g6AFBhcGVycyBvdGhlcnM6AFRlcnJhaW46AFBhcmFsbGVsOgBQYXJhbGxlbFRlcnJhaW5SZW5kZXJpbmcucGRmAA4AOgAcAFAAYQByAGEAbABsAGUAbABUAGUAcgByAGEAaQBuAFIAZQBuAGQAZQByAGkAbgBnAC4AcABkAGYADwASAAgARQBmAGYAcgBhAGYAYQB4ABIAU1VzZXJzL3BhamFyb2xhL1Jlc2VhcmNoL1BhcGVycyBvdGhlcnMvVGVycmFpbi9QYXJhbGxlbC9QYXJhbGxlbFRlcnJhaW5SZW5kZXJpbmcucGRmAAATAAEvAAAVAAIAD///AACABtIbHB0eWiRjbGFzc25hbWVYJGNsYXNzZXNdTlNNdXRhYmxlRGF0YaMdHyBWTlNEYXRhWE5TT2JqZWN00hscIiNcTlNEaWN0aW9uYXJ5oiIgXxAPTlNLZXllZEFyY2hpdmVy0SYnVHJvb3SAAQAIABEAGgAjAC0AMgA3AEAARgBNAFUAYABnAGoAbABuAHEAcwB1AHcAhACOANgA3QDlAuEC4wLoAvMC/AMKAw4DFQMeAyMDMAMzA0UDSANNAAAAAAAAAgEAAAAAAAAAKAAAAAAAAAAAAAAAAAAAA08=}}

@inproceedings{Mueller:95,
	Author = {Mueller, Carl},
	Booktitle = {Proceedings Symposium on Interactive 3D Graphics},
	Date-Added = {2007-01-31 13:13:20 +0100},
	Date-Modified = {2007-01-31 13:13:20 +0100},
	Keywords = {graphics, parallel rendering},
	Local-Url = {file://localhost/Users/pajarola/Research/Papers%20others/Rendering/Parallel/p75-mueller.pdf},
	Organization = {ACM SIGGRAPH},
	Pages = {75--84},
	Title = {The Sort-First Rendering Architecture for High-Performance Graphics},
	Year = {1995},
	Bdsk-File-1 = {YnBsaXN0MDDUAQIDBAUGJCVYJHZlcnNpb25YJG9iamVjdHNZJGFyY2hpdmVyVCR0b3ASAAGGoKgHCBMUFRYaIVUkbnVsbNMJCgsMDxJXTlMua2V5c1pOUy5vYmplY3RzViRjbGFzc6INDoACgAOiEBGABIAFgAdccmVsYXRpdmVQYXRoWWFsaWFzRGF0YV8QPC4uLy4uLy4uLy4uL1BhcGVycyBvdGhlcnMvUmVuZGVyaW5nL1BhcmFsbGVsL3A3NS1tdWVsbGVyLnBkZtIXCxgZV05TLmRhdGFPEQHIAAAAAAHIAAIAAAhFZmZyYWZheAAAAAAAAAAAAAAAAAAAAAAAAADQF6K0SCsAAAAezw8PcDc1LW11ZWxsZXIucGRmAAAAAAAAAAAAAAAAAAAAAAAAAAAAAAAAAAAAAAAAAAAAAAAAAAAAAAAAAAAAAAAAAB7PMMtxcg4AAAAAAAAAAAAEAAQAAAkgAAAAAAAAAAAAAAAAAAAACFBhcmFsbGVsABAACAAA0BeGlAAAABEACAAAy3Fj/gAAAAEAGAAezw8AHs8IAB7JGQAeA/EAGJl/ABiYLgACAFdFZmZyYWZheDpVc2VyczoAcGFqYXJvbGE6AFJlc2VhcmNoOgBQYXBlcnMgb3RoZXJzOgBSZW5kZXJpbmc6AFBhcmFsbGVsOgBwNzUtbXVlbGxlci5wZGYAAA4AIAAPAHAANwA1AC0AbQB1AGUAbABsAGUAcgAuAHAAZABmAA8AEgAIAEUAZgBmAHIAYQBmAGEAeAASAEhVc2Vycy9wYWphcm9sYS9SZXNlYXJjaC9QYXBlcnMgb3RoZXJzL1JlbmRlcmluZy9QYXJhbGxlbC9wNzUtbXVlbGxlci5wZGYAEwABLwAAFQACAA///wAAgAbSGxwdHlokY2xhc3NuYW1lWCRjbGFzc2VzXU5TTXV0YWJsZURhdGGjHR8gVk5TRGF0YVhOU09iamVjdNIbHCIjXE5TRGljdGlvbmFyeaIiIF8QD05TS2V5ZWRBcmNoaXZlctEmJ1Ryb290gAEACAARABoAIwAtADIANwBAAEYATQBVAGAAZwBqAGwAbgBxAHMAdQB3AIQAjgDNANIA2gKmAqgCrQK4AsECzwLTAtoC4wLoAvUC+AMKAw0DEgAAAAAAAAIBAAAAAAAAACgAAAAAAAAAAAAAAAAAAAMU}}

@article{MCEF:94,
	Abstract = {We describe three broad classes of parallel rendering
methods, based on where the sort from object-space to
screen space occurs. These classes encompass most feedforward
parallel software and hardware rendering
architectures that have been described to date. After
introducing the classes, we perform a coarse analysis of the
aggregate processing and communication costs of each and
identify constraints they impose on the rendering
application. The aim is to provide a conceptual model of
the tradeoffs between the approaches as an aid to designers
and implementers of high-performance, parallel rendering
systems.
},
	Author = {Molnar, Steve and Cox, Michael and Ellsworth, David and Fuchs, Henry},
	Date-Added = {2007-01-31 13:13:20 +0100},
	Date-Modified = {2007-01-31 13:13:20 +0100},
	Journal = {IEEE Computer Graphics and Applications},
	Keywords = {graphics, parallel rendering},
	Local-Url = {file://localhost/Users/pajarola/Research/Papers%20others/Rendering/Parallel/Classification.pdf},
	Number = {4},
	Pages = {23--32},
	Title = {A Sorting Classification of Parallel Rendering},
	Volume = {14},
	Year = {1994},
	Bdsk-File-1 = {YnBsaXN0MDDUAQIDBAUGJCVYJHZlcnNpb25YJG9iamVjdHNZJGFyY2hpdmVyVCR0b3ASAAGGoKgHCBMUFRYaIVUkbnVsbNMJCgsMDxJXTlMua2V5c1pOUy5vYmplY3RzViRjbGFzc6INDoACgAOiEBGABIAFgAdccmVsYXRpdmVQYXRoWWFsaWFzRGF0YV8QPy4uLy4uLy4uLy4uL1BhcGVycyBvdGhlcnMvUmVuZGVyaW5nL1BhcmFsbGVsL0NsYXNzaWZpY2F0aW9uLnBkZtIXCxgZV05TLmRhdGFPEQHUAAAAAAHUAAIAAAhFZmZyYWZheAAAAAAAAAAAAAAAAAAAAAAAAADQF6K0SCsAAAAezw8SQ2xhc3NpZmljYXRpb24ucGRmAAAAAAAAAAAAAAAAAAAAAAAAAAAAAAAAAAAAAAAAAAAAAAAAAAAAAAAAAAAAAB7PFstxcg4AAAAAAAAAAAAEAAQAAAkgAAAAAAAAAAAAAAAAAAAACFBhcmFsbGVsABAACAAA0BeGlAAAABEACAAAy3Fj/gAAAAEAGAAezw8AHs8IAB7JGQAeA/EAGJl/ABiYLgACAFpFZmZyYWZheDpVc2VyczoAcGFqYXJvbGE6AFJlc2VhcmNoOgBQYXBlcnMgb3RoZXJzOgBSZW5kZXJpbmc6AFBhcmFsbGVsOgBDbGFzc2lmaWNhdGlvbi5wZGYADgAmABIAQwBsAGEAcwBzAGkAZgBpAGMAYQB0AGkAbwBuAC4AcABkAGYADwASAAgARQBmAGYAcgBhAGYAYQB4ABIAS1VzZXJzL3BhamFyb2xhL1Jlc2VhcmNoL1BhcGVycyBvdGhlcnMvUmVuZGVyaW5nL1BhcmFsbGVsL0NsYXNzaWZpY2F0aW9uLnBkZgAAEwABLwAAFQACAA///wAAgAbSGxwdHlokY2xhc3NuYW1lWCRjbGFzc2VzXU5TTXV0YWJsZURhdGGjHR8gVk5TRGF0YVhOU09iamVjdNIbHCIjXE5TRGljdGlvbmFyeaIiIF8QD05TS2V5ZWRBcmNoaXZlctEmJ1Ryb290gAEACAARABoAIwAtADIANwBAAEYATQBVAGAAZwBqAGwAbgBxAHMAdQB3AIQAjgDQANUA3QK1ArcCvALHAtAC3gLiAukC8gL3AwQDBwMZAxwDIQAAAAAAAAIBAAAAAAAAACgAAAAAAAAAAAAAAAAAAAMj}}

@inproceedings{VR:91,
	Author = {Vezina, Guy and Robertson, Philip K.},
	Booktitle = {Proceedings Computer Graphics International (CGI)},
	Date-Added = {2007-01-31 13:13:20 +0100},
	Date-Modified = {2007-01-31 13:13:20 +0100},
	Keywords = {visualization, terrain, parallel rendering},
	Pages = {163--188},
	Title = {Terrain Perspectives on a Massively Parallel {SIMD} Computer},
	Year = {1991}}

@inproceedings{SMLAP:03,
	Author = {Aleksander Stompel and Kwan-Liu Ma and Eric~B. Lum and James Ahrens and John Patchett},
	Booktitle = {Proceedings IEEE Symposium on Parallel and Large-Data Visualization and Graphics},
	Date-Added = {2006-12-18 11:27:27 +0100},
	Date-Modified = {2006-12-18 11:27:39 +0100},
	Keywords = {visualization, parallel rendering, volume rendering},
	Local-Url = {file://localhost/Users/pajarola/Research/Papers%20others/Rendering/Parallel/SLIC.pdf},
	Pages = {33--40},
	Title = {{SLIC}: Scheduled Linear Image Compositing for Parallel Volume Rendering},
	Year = {2003},
	Bdsk-File-1 = {YnBsaXN0MDDUAQIDBAUGJCVYJHZlcnNpb25YJG9iamVjdHNZJGFyY2hpdmVyVCR0b3ASAAGGoKgHCBMUFRYaIVUkbnVsbNMJCgsMDxJXTlMua2V5c1pOUy5vYmplY3RzViRjbGFzc6INDoACgAOiEBGABIAFgAdccmVsYXRpdmVQYXRoWWFsaWFzRGF0YV8QNS4uLy4uLy4uLy4uL1BhcGVycyBvdGhlcnMvUmVuZGVyaW5nL1BhcmFsbGVsL1NMSUMucGRm0hcLGBlXTlMuZGF0YU8RAawAAAAAAawAAgAACEVmZnJhZmF4AAAAAAAAAAAAAAAAAAAAAAAAANAXorRIKwAAAB7PDwhTTElDLnBkZgAAAAAAAAAAAAAAAAAAAAAAAAAAAAAAAAAAAAAAAAAAAAAAAAAAAAAAAAAAAAAAAAAAAAAAAAAAHs87y3FyDgAAAAAAAAAAAAQABAAACSAAAAAAAAAAAAAAAAAAAAAIUGFyYWxsZWwAEAAIAADQF4aUAAAAEQAIAADLcWP+AAAAAQAYAB7PDwAezwgAHskZAB4D8QAYmX8AGJguAAIAUEVmZnJhZmF4OlVzZXJzOgBwYWphcm9sYToAUmVzZWFyY2g6AFBhcGVycyBvdGhlcnM6AFJlbmRlcmluZzoAUGFyYWxsZWw6AFNMSUMucGRmAA4AEgAIAFMATABJAEMALgBwAGQAZgAPABIACABFAGYAZgByAGEAZgBhAHgAEgBBVXNlcnMvcGFqYXJvbGEvUmVzZWFyY2gvUGFwZXJzIG90aGVycy9SZW5kZXJpbmcvUGFyYWxsZWwvU0xJQy5wZGYAABMAAS8AABUAAgAP//8AAIAG0hscHR5aJGNsYXNzbmFtZVgkY2xhc3Nlc11OU011dGFibGVEYXRhox0fIFZOU0RhdGFYTlNPYmplY3TSGxwiI1xOU0RpY3Rpb25hcnmiIiBfEA9OU0tleWVkQXJjaGl2ZXLRJidUcm9vdIABAAgAEQAaACMALQAyADcAQABGAE0AVQBgAGcAagBsAG4AcQBzAHUAdwCEAI4AxgDLANMCgwKFAooClQKeAqwCsAK3AsACxQLSAtUC5wLqAu8AAAAAAAACAQAAAAAAAAAoAAAAAAAAAAAAAAAAAAAC8Q==}}

@misc{OpenSceneGraph,
	Author = {Burns, Don and Osfield, Robert},
	Howpublished = {\\http://www.openscenegraph.org/},
	Title = {{OpenSceneGraph}},
	Year = {1998}}

@book{Samuelsen:07,
	Author = {Samuelsen, Thomas},
	Publisher = {University of Troms\o},
	Title = {Distributed OpenSceneGraph},
	Year = {2007}}

@misc{OpenSG,
	Author = {Reiners, Dirk},
	Howpublished = {http://www.opensg.org/},
	Title = {{OpenSG}},
	Year = {1999}}

@misc{tinySceneGraph,
	Author = {Marten, Christian},
	Howpublished = {http://www.tinysg.de/},
	Title = {{tinySceneGraph}},
	Year = {2008}}

@inproceedings{MWP:01,
	Author = {Moreland, Kenneth and Wylie, Brian N. and Pavlakos, Constantine J.},
	Booktitle = {{IEEE} Symposium on Parallel and Large-Data Visualization and Graphics},
	Pages = {85--92},
	Publisher = {{IEEE}},
	Title = {Sort-last Parallel Rendering for Viewing Extremely Large Data Sets on Tile Displays},
	Year = {2001}}

@inproceedings{VBRR:02,
	Author = {Vo\ss, G. and Behr, J. and Reiners, D. and Roth, M.},
	Booktitle = {Proceedings Eurographics Workshop on Parallel Graphics and Visualization},
	Pages = {33--37},
	Publisher = {Eurographics Association},
	Title = {A Multi-thread Safe Foundation for Scene Graphs and Its Extension to Clusters},
	Year = {2002}}

@inproceedings{RLRS:09,
	Author = {Repplinger, Michael and L\"{o}ffler, Alexander and Rubinstein, Dmitri and Slusallek, Philipp},
	Booktitle = {Proceedings International Symposium on Advances in Visual Computing: Part I},
	Pages = {975--986},
	Publisher = {Springer-Verlag},
	Title = {{DRONE}: A Flexible Framework for Distributed Rendering and Display},
	Volume = {5875},
	Year = {2009}}

@misc{Raptor,
	Author = {Mike Houston},
	Howpublished = {http://graphics.stanford.edu/projects/raptor/},
	Keywords = {parallel volume rendering},
	Title = {Raptor},
	Year = {2005}}

@techreport{JDBJBCER:04,
	Author = {Jones, Ken and Danzer, Chrystie and Byrnes, Jenn and Jacobson, Karen and Bouchaud, Patrick and Courvoisier, Davy and Eilemann, Stefan and Robert, Philippe},
	Date-Added = {2006-12-06 13:42:37 +0100},
	Date-Modified = {2006-12-06 13:42:37 +0100},
	Institution = {Silicon Graphics},
	Keywords = {graphics, parallel rendering},
	Number = {007-4239-004},
	Title = {{SGI\textregistered OpenGL Multipipe\texttrademark SDK User's Guide}},
	Url = {http://techpubs.sgi.com/library/manuals/4000/007-4239-004/sgi_html/index.html},
	Year = {2004},
	Bdsk-Url-1 = {http://techpubs.sgi.com/library/manuals/4000/007-4239-004/sgi_html/index.html}}

@inproceedings{CM:06,
	Author = {Xavier Cavin and Christophe Mion},
	Booktitle = {Proceedings Eurographics Symposium on Parallel Graphics and Visualization},
	Date-Added = {2006-12-06 13:40:31 +0100},
	Date-Modified = {2006-12-18 11:14:16 +0100},
	Keywords = {graphics, parallel rendering},
	Local-Url = {file://localhost/Users/pajarola/Research/Papers%20others/Rendering/Parallel/PipelinedSortLast.pdf},
	Title = {Pipelined Sort-last Rendering: Scalability, Performance and Beyond},
	Year = {2006},
	Bdsk-File-1 = {YnBsaXN0MDDUAQIDBAUGJCVYJHZlcnNpb25YJG9iamVjdHNZJGFyY2hpdmVyVCR0b3ASAAGGoKgHCBMUFRYaIVUkbnVsbNMJCgsMDxJXTlMua2V5c1pOUy5vYmplY3RzViRjbGFzc6INDoACgAOiEBGABIAFgAdccmVsYXRpdmVQYXRoWWFsaWFzRGF0YV8QQi4uLy4uLy4uLy4uL1BhcGVycyBvdGhlcnMvUmVuZGVyaW5nL1BhcmFsbGVsL1BpcGVsaW5lZFNvcnRMYXN0LnBkZtIXCxgZV05TLmRhdGFPEQHgAAAAAAHgAAIAAAhFZmZyYWZheAAAAAAAAAAAAAAAAAAAAAAAAADQF6K0SCsAAAAezw8VUGlwZWxpbmVkU29ydExhc3QucGRmAAAAAAAAAAAAAAAAAAAAAAAAAAAAAAAAAAAAAAAAAAAAAAAAAAAAAAAAAB7PM8txcg4AAAAAAAAAAAAEAAQAAAkgAAAAAAAAAAAAAAAAAAAACFBhcmFsbGVsABAACAAA0BeGlAAAABEACAAAy3Fj/gAAAAEAGAAezw8AHs8IAB7JGQAeA/EAGJl/ABiYLgACAF1FZmZyYWZheDpVc2VyczoAcGFqYXJvbGE6AFJlc2VhcmNoOgBQYXBlcnMgb3RoZXJzOgBSZW5kZXJpbmc6AFBhcmFsbGVsOgBQaXBlbGluZWRTb3J0TGFzdC5wZGYAAA4ALAAVAFAAaQBwAGUAbABpAG4AZQBkAFMAbwByAHQATABhAHMAdAAuAHAAZABmAA8AEgAIAEUAZgBmAHIAYQBmAGEAeAASAE5Vc2Vycy9wYWphcm9sYS9SZXNlYXJjaC9QYXBlcnMgb3RoZXJzL1JlbmRlcmluZy9QYXJhbGxlbC9QaXBlbGluZWRTb3J0TGFzdC5wZGYAEwABLwAAFQACAA///wAAgAbSGxwdHlokY2xhc3NuYW1lWCRjbGFzc2VzXU5TTXV0YWJsZURhdGGjHR8gVk5TRGF0YVhOU09iamVjdNIbHCIjXE5TRGljdGlvbmFyeaIiIF8QD05TS2V5ZWRBcmNoaXZlctEmJ1Ryb290gAEACAARABoAIwAtADIANwBAAEYATQBVAGAAZwBqAGwAbgBxAHMAdQB3AIQAjgDTANgA4ALEAsYCywLWAt8C7QLxAvgDAQMGAxMDFgMoAysDMAAAAAAAAAIBAAAAAAAAACgAAAAAAAAAAAAAAAAAAAMy}}

@inproceedings{CKS:02,
	Author = {Correa, Wagner~T. and Klosowski, James~T. and Silva, Claudio~T.},
	Booktitle = {Proceedings Eurographics Workshop on Parallel Graphics and Visualization},
	Date-Added = {2006-12-06 13:40:31 +0100},
	Date-Modified = {2006-12-06 13:40:31 +0100},
	Keywords = {graphics, parallel rendering},
	Local-Url = {file://localhost/Users/pajarola/Research/Papers%20others/Rendering/Parallel/ClusterParalleTiles.pdf},
	Pages = {89--96},
	Title = {Out-Of-Core Sort-First Parallel Rendering for Cluster-Based Tiled Displays},
	Year = {2002},
	Bdsk-File-1 = {YnBsaXN0MDDUAQIDBAUGJCVYJHZlcnNpb25YJG9iamVjdHNZJGFyY2hpdmVyVCR0b3ASAAGGoKgHCBMUFRYaIVUkbnVsbNMJCgsMDxJXTlMua2V5c1pOUy5vYmplY3RzViRjbGFzc6INDoACgAOiEBGABIAFgAdccmVsYXRpdmVQYXRoWWFsaWFzRGF0YV8QRC4uLy4uLy4uLy4uL1BhcGVycyBvdGhlcnMvUmVuZGVyaW5nL1BhcmFsbGVsL0NsdXN0ZXJQYXJhbGxlVGlsZXMucGRm0hcLGBlXTlMuZGF0YU8RAegAAAAAAegAAgAACEVmZnJhZmF4AAAAAAAAAAAAAAAAAAAAAAAAANAXorRIKwAAAB7PDxdDbHVzdGVyUGFyYWxsZVRpbGVzLnBkZgAAAAAAAAAAAAAAAAAAAAAAAAAAAAAAAAAAAAAAAAAAAAAAAAAAAAAAHs8Yy3FyDgAAAAAAAAAAAAQABAAACSAAAAAAAAAAAAAAAAAAAAAIUGFyYWxsZWwAEAAIAADQF4aUAAAAEQAIAADLcWP+AAAAAQAYAB7PDwAezwgAHskZAB4D8QAYmX8AGJguAAIAX0VmZnJhZmF4OlVzZXJzOgBwYWphcm9sYToAUmVzZWFyY2g6AFBhcGVycyBvdGhlcnM6AFJlbmRlcmluZzoAUGFyYWxsZWw6AENsdXN0ZXJQYXJhbGxlVGlsZXMucGRmAAAOADAAFwBDAGwAdQBzAHQAZQByAFAAYQByAGEAbABsAGUAVABpAGwAZQBzAC4AcABkAGYADwASAAgARQBmAGYAcgBhAGYAYQB4ABIAUFVzZXJzL3BhamFyb2xhL1Jlc2VhcmNoL1BhcGVycyBvdGhlcnMvUmVuZGVyaW5nL1BhcmFsbGVsL0NsdXN0ZXJQYXJhbGxlVGlsZXMucGRmABMAAS8AABUAAgAP//8AAIAG0hscHR5aJGNsYXNzbmFtZVgkY2xhc3Nlc11OU011dGFibGVEYXRhox0fIFZOU0RhdGFYTlNPYmplY3TSGxwiI1xOU0RpY3Rpb25hcnmiIiBfEA9OU0tleWVkQXJjaGl2ZXLRJidUcm9vdIABAAgAEQAaACMALQAyADcAQABGAE0AVQBgAGcAagBsAG4AcQBzAHUAdwCEAI4A1QDaAOICzgLQAtUC4ALpAvcC+wMCAwsDEAMdAyADMgM1AzoAAAAAAAACAQAAAAAAAAAoAAAAAAAAAAAAAAAAAAADPA==}}

@inproceedings{LRN:95,
	Author = {Tong-Yee Lee and C. S. Raghavendra and J. N. Nicholas},
	Booktitle = {Proceedings IEEE Symposium on Parallel Rendering},
	Date-Modified = {2009-09-03 11:39:38 +0200},
	Keywords = {graphics, image compositing, parallel rendering},
	Pages = {55--62},
	Title = {Image composition methods for sort-last polygon rendering on {2-D} mesh architectures},
	Year = {1995},
	Bdsk-Url-1 = {http://doi.acm.org/10.1145/218327.218337}}

@inproceedings{LMSBH:01,
	Author = {Santiago Lombeyda and Laurent Moll and Mark Shand and David Breen and Alan Heirich},
	Booktitle = {Proceedings IEEE Symposium on Parallel and Large Data Visualization and Graphics},
	Date-Modified = {2007-01-31 13:23:29 +0100},
	Keywords = {graphics, parallel rendering},
	Pages = {115--121},
	Title = {Scalable Interactive Volume Rendering Using Off-the-shelf Components},
	Year = {2001}}

@inproceedings{SGS:91,
	Author = {Christopher D. Shaw and Mark Green and Jonathan Schaeffer},
	Booktitle = {Proceedings Eurographics Workshop on Advances in Computer Graphics Hardware},
	Date-Modified = {2009-09-03 11:42:24 +0200},
	Keywords = {graphics, image compositing},
	Pages = {183--199},
	Title = {A {VLSI} Architecture for Image Composition},
	Year = {1991}}

@inproceedings{BRE:05,
	Author = {Praveen Bhaniramka and Philippe C. D. Robert and Stefan Eilemann},
	Booktitle = {Proceedings IEEE Visualization},
	Date-Modified = {2007-01-31 13:15:38 +0100},
	Keywords = {graphics, parallel rendering},
	Pages = {119--126},
	Title = {{OpenGL Multipipe SDK}: A Toolkit for Scalable Parallel Rendering},
	Year = {2005}}

@misc{MPK,
	Date-Added = {2006-02-13 17:38:15 +0100},
	Date-Modified = {2006-02-13 17:38:59 +0100},
	Title = {{OpenGL Multipipe SDK}},
	Url = {http://www.sgi.com/software/multipipe/sdk},
	Bdsk-Url-1 = {http://www.sgi.com/software/multipipe/sdk}}

@misc{PCIE,
	Date-Added = {2006-02-13 17:38:15 +0100},
	Date-Modified = {2006-02-13 17:38:59 +0100},
	Title = {{PCI-SIG - PCI Express}},
	Url = {http://www.pcisig.com/specifications/pciexpress},
	Bdsk-Url-1 = {http://www.pcisig.com/specifications/pciexpress}}

@misc{IB,
	Date-Added = {2006-02-13 17:38:15 +0100},
	Date-Modified = {2006-02-13 17:38:59 +0100},
	Title = {{InfiniBand Architecture}},
	Url = {http://www.intel.com/technology/infiniband},
	Bdsk-Url-1 = {http://www.intel.com/technology/infiniband}}

@article{MPHK:94,
	Author = {Kwan-Liu Ma and James S. Painter and Charles D. Hansen and Michael F. Krogh},
	Date-Added = {2005-03-20 10:52:53 +0100},
	Date-Modified = {2007-01-31 13:27:56 +0100},
	Journal = {IEEE Computer Graphics and Applications},
	Keywords = {visualization, parallel rendering, volume rendering},
	Local-Url = {file://localhost/Users/pajarola/Research/Papers%20others/Rendering/Parallel/ParallelVolumeRendering.pdf},
	Month = {July},
	Number = {4},
	Pages = {59--68},
	Title = {Parallel Volume Rendering Using Binary-Swap Image Composition},
	Volume = {14},
	Year = {1994},
	Bdsk-File-1 = {YnBsaXN0MDDUAQIDBAUGJCVYJHZlcnNpb25YJG9iamVjdHNZJGFyY2hpdmVyVCR0b3ASAAGGoKgHCBMUFRYaIVUkbnVsbNMJCgsMDxJXTlMua2V5c1pOUy5vYmplY3RzViRjbGFzc6INDoACgAOiEBGABIAFgAdccmVsYXRpdmVQYXRoWWFsaWFzRGF0YV8QSC4uLy4uLy4uLy4uL1BhcGVycyBvdGhlcnMvUmVuZGVyaW5nL1BhcmFsbGVsL1BhcmFsbGVsVm9sdW1lUmVuZGVyaW5nLnBkZtIXCxgZV05TLmRhdGFPEQH4AAAAAAH4AAIAAAhFZmZyYWZheAAAAAAAAAAAAAAAAAAAAAAAAADQF6K0SCsAAAAezw8bUGFyYWxsZWxWb2x1bWVSZW5kZXJpbmcucGRmAAAAAAAAAAAAAAAAAAAAAAAAAAAAAAAAAAAAAAAAAAAAAAAAAB7PMstxcg4AAAAAAAAAAAAEAAQAAAkgAAAAAAAAAAAAAAAAAAAACFBhcmFsbGVsABAACAAA0BeGlAAAABEACAAAy3Fj/gAAAAEAGAAezw8AHs8IAB7JGQAeA/EAGJl/ABiYLgACAGNFZmZyYWZheDpVc2VyczoAcGFqYXJvbGE6AFJlc2VhcmNoOgBQYXBlcnMgb3RoZXJzOgBSZW5kZXJpbmc6AFBhcmFsbGVsOgBQYXJhbGxlbFZvbHVtZVJlbmRlcmluZy5wZGYAAA4AOAAbAFAAYQByAGEAbABsAGUAbABWAG8AbAB1AG0AZQBSAGUAbgBkAGUAcgBpAG4AZwAuAHAAZABmAA8AEgAIAEUAZgBmAHIAYQBmAGEAeAASAFRVc2Vycy9wYWphcm9sYS9SZXNlYXJjaC9QYXBlcnMgb3RoZXJzL1JlbmRlcmluZy9QYXJhbGxlbC9QYXJhbGxlbFZvbHVtZVJlbmRlcmluZy5wZGYAEwABLwAAFQACAA///wAAgAbSGxwdHlokY2xhc3NuYW1lWCRjbGFzc2VzXU5TTXV0YWJsZURhdGGjHR8gVk5TRGF0YVhOU09iamVjdNIbHCIjXE5TRGljdGlvbmFyeaIiIF8QD05TS2V5ZWRBcmNoaXZlctEmJ1Ryb290gAEACAARABoAIwAtADIANwBAAEYATQBVAGAAZwBqAGwAbgBxAHMAdQB3AIQAjgDZAN4A5gLiAuQC6QL0Av0DCwMPAxYDHwMkAzEDNANGA0kDTgAAAAAAAAIBAAAAAAAAACgAAAAAAAAAAAAAAAAAAANQ}}

@misc{paraview,
	Date-Added = {2005-03-29 22:52:35 +0200},
	Date-Modified = {2005-03-29 22:57:58 +0200},
	Title = {ParaView},
	Url = {http://www.paraview.org},
	Bdsk-Url-1 = {http://www.paraview.org}}

@techreport{Ahrens00,
	Author = {James Ahrens and Charles Law and Will Schroeder and Ken Martin and Michael Papka},
	Date-Added = {2005-03-29 22:55:37 +0200},
	Date-Modified = {2005-03-29 22:58:42 +0200},
	Institution = {Los Alamos National Laboratory},
	Number = {LAUR-00-1620},
	Title = {A Parallel Approach for Efficiently Visualizing Extremely Large, Time-Varying Datasets},
	Year = {2000}}

@inproceedings{FQKY:04,
	Author = {Zhe Fan and Feng Qiu and Arie Kaufman and Suzanne Yoakum-Stover},
	Booktitle = {Proceedings ACM/IEEE Conference on Supercomputing},
	Date-Added = {2005-03-18 09:39:27 +0100},
	Date-Modified = {2009-09-03 11:23:57 +0200},
	Pages = {47},
	Title = {{GPU} Cluster for High Performance Computing},
	Year = {2004}}

@manual{intel_pcie,
	Date-Added = {2005-03-16 15:01:46 +0100},
	Date-Modified = {2005-03-24 14:47:00 +0100},
	Organization = {Intel Corporation},
	Title = {The PCI Express Architecture and Advanced Switching},
	Year = {2003}}

@manual{sgi_prism,
	Date-Added = {2005-03-16 16:17:31 +0100},
	Date-Modified = {2005-03-24 14:50:18 +0100},
	Organization = {Silicon Graphics, Inc.},
	Title = {Silicon Graphics Prism Family of Visualization Systems},
	Year = {2004}}

@inproceedings{MBPFH:90,
	Author = {Ian E. McDowall and Mark T. Bolas and Steven D. Pieper and Scott S. Fisher and Jim Humphries},
	Booktitle = {Proceedings SPIE},
	Date-Added = {2005-03-15 21:13:12 +0100},
	Date-Modified = {2009-09-03 11:44:27 +0200},
	Keywords = {visualization, stereo},
	Title = {Implementation and Integration of a Counterbalanced {CRT}-based Stereoscopic Display for Interactive Viewpoint Control in Virtual-Environment Applications},
	Volume = {1256},
	Year = {1990}}

@inproceedings{NKSHWLOKK:04,
	Author = {Jorji Nonaka and Nobuyuki Kukimoto and Naohisa Sakamoto and Hiroshi Hazama and Yasuhiro Watashiba and Xuezhen Liu and Masato Ogata and Masanori Kanazawa and Koji Koyamada},
	Booktitle = {Poceedings IEEE Symposium on Volume Visualization and Graphics},
	Date-Added = {2005-03-16 08:47:40 +0100},
	Date-Modified = {2009-09-03 11:26:35 +0200},
	Keywords = {graphics, parallel rendering, image compositing},
	Pages = {17--24},
	Title = {Hybrid Hardware-Accelerated Image Composition for Sort-Last Parallel Rendering on Graphics Clusters with Commodity Image Compositor},
	Year = {2004}}

@misc{gpgpu,
	Date-Added = {2005-03-04 11:09:01 +0100},
	Date-Modified = {2005-03-24 14:46:05 +0100},
	Title = {General-Purpose Computation using Graphics Hardware},
	Url = {http://www.gpgpu.org},
	Bdsk-Url-1 = {http://www.gpgpu.org}}

@misc{Martin01,
	Author = {Kevin E. Martin and David H. Dawes and Rickard E. Faith},
	Date-Added = {2005-03-15 20:30:03 +0100},
	Date-Modified = {2005-03-24 14:47:33 +0100},
	Month = {July},
	Title = {Distributed Multihead X Design},
	Url = {http://dmx.sourceforge.net/dmx.html},
	Year = {2001},
	Bdsk-Url-1 = {http://dmx.sourceforge.net/dmx.html}}

@misc{tgs,
	Date-Added = {2005-03-15 11:19:37 +0100},
	Date-Modified = {2005-03-24 14:56:06 +0100},
	Title = {Multi-Pipe Extension for Open Inventor},
	Url = {http://www.tgs.com/},
	Bdsk-Url-1 = {http://www.tgs.com/}}

@inproceedings{HBEH:00,
	Author = {Greg Humphreys and Ian Buck and Matthew Eldridge and Pat Hanrahan},
	Booktitle = {Proceedings ACM/IEEE Conference on Supercomputing},
	Date-Added = {2005-02-28 10:14:23 +0100},
	Date-Modified = {2009-09-03 11:32:33 +0200},
	Keywords = {graphics, parallel rendering},
	Title = {Distributed Rendering for Scalable Displays},
	Year = {2000}}

@inproceedings{HH:99,
	Author = {Greg Humphreys and Pat Hanrahan},
	Booktitle = {Proceedings IEEE Visualization},
	Date-Added = {2005-02-28 10:46:20 +0100},
	Date-Modified = {2009-09-03 11:35:19 +0200},
	Keywords = {graphics, tiled display, parallel rendering},
	Pages = {215--223},
	Title = {A Distributed Graphics System for Large Tiled Displays},
	Year = {1999}}

@manual{sgi_scalablegfxhw,
	Date-Added = {2005-03-15 11:31:31 +0100},
	Date-Modified = {2005-03-24 14:50:25 +0100},
	Organization = {Silicon Graphics, Inc.},
	Title = {SGI InfinitePerformance: Scalable Graphics Compositor User's Guide},
	Year = {2002}}

@inproceedings{PJ:01,
	Author = {Kenneth Perrine and Donald Jones},
	Booktitle = {Proceedings ACM/IEEE Conference on Supercomputing},
	Date-Added = {2005-02-28 10:54:45 +0100},
	Date-Modified = {2009-09-03 11:29:33 +0200},
	Keywords = {graphics, parallel rendering},
	Pages = {5},
	Title = {Parallel Graphics and Interactivity with the Scaleable Graphics Engine},
	Year = {2001}}

@article{EIH:00,
	Author = {Matthew Eldridge and Homan Igehy and Pat Hanrahan},
	Date-Added = {2005-02-28 11:20:46 +0100},
	Date-Modified = {2009-09-03 11:33:40 +0200},
	Journal = {Proceedings ACM SIGGRAPH},
	Keywords = {graphics, parallel rendering},
	Pages = {443-454},
	Title = {Pomegrante: A Fully Scalable Graphics Architecture},
	Year = {2000}}

@inproceedings{FOEGGEMTTI:89,
	Author = {Henry Fuchs and John Oulton and John Eyles and Trey Greer and Jack Goldfeather and David Ellsworth and Steve Molnar and Greg Turk and Brice Tebbs and Laura Israel},
	Booktitle = {Proceedings ACM SIGGRAPH},
	Date-Added = {2005-02-28 11:22:11 +0100},
	Date-Modified = {2009-09-03 11:46:26 +0200},
	Keywords = {graphics, image compositing},
	Pages = {79-88},
	Title = {Pixel-Planes 5: A Heterogeneous Multiprocessor Graphics System Using Processor-Enhanced Memories},
	Year = {1989}}

@inproceedings{HM:99,
	Author = {Alan Heirich and Laurent Moll},
	Booktitle = {Proceedings IEEE Symposium on Parallel Visualization and Graphics},
	Date-Added = {2005-02-28 11:26:06 +0100},
	Date-Modified = {2009-09-03 11:36:45 +0200},
	Keywords = {graphics, parallel rendering},
	Pages = {55-59},
	Title = {Scalable Distributed Visualization Using Off-the-Shelf Components},
	Year = {1999}}

@inproceedings{MBDM:97,
	Author = {John S. Montrym and Daniel R. Baum and David L. Dignam and Christopher J. Migdal},
	Booktitle = {Proceedings ACM SIGGRAPH},
	Date-Added = {2005-02-28 11:42:14 +0100},
	Date-Modified = {2009-09-03 11:38:10 +0200},
	Keywords = {graphics, parallel rendering},
	Pages = {293-302},
	Title = {{InfiniteReality}: A Real-Time Graphics System},
	Year = {1997}}

@inproceedings{BC:00,
	Author = {Allen Bierbaum and Carolina Cruz-Neira},
	Booktitle = {Proceedings Immersive Projection Technology Workshop},
	Date-Added = {2005-02-28 12:58:30 +0100},
	Date-Modified = {2007-03-20 09:56:35 +0100},
	Keywords = {graphics, parallel rendering},
	Title = {Run-Time Reconfiguration in {VR Juggler}},
	Year = {2000}}

@article{CSD:93,
	Author = {Carolina Cruz-Neira and Daniel Sandin and Thomas DeFanti},
	Date-Added = {2005-02-28 13:04:52 +0100},
	Date-Modified = {2009-09-03 11:40:38 +0200},
	Journal = {Proceedings ACM SIGGRAPH},
	Keywords = {graphics, virtual reality, parallel rendering},
	Pages = {135-142},
	Title = {Surround-Screen Projection-Based Virtual Reality: The Design and Implementation of the {CAVE}},
	Year = {1993}}

@inproceedings{Amdahl:67,
	Author = {Amdahl, Gene M.},
	Booktitle = {Proceedings American Federation of Information Processing Societies Joint Computer Conference},
	Pages = {483--485},
	Title = {Validity of the Single-processor Approach to Achieving Large Scale Computing Capabilities},
	Volume = {30},
	Year = {1967}}

@inproceedings{OA:02,
	Author = {Osman, A. and Ammar, H.},
	Booktitle = {International Symposium on Parallel and Distributed Computing},
	Date-Modified = {2014-02-10 07:27:28 +0000},
	Pages = {110--120},
	Title = {Dynamic Load Balancing Strategies for Parallel Computers},
	Volume = {11},
	Year = {2002}}

@misc{TBB,
	Author = {Intel},
	Howpublished = {http://www.threadingbuildingblocks.org/},
	Title = {{Intel Threading Building Blocks}},
	Year = {2006}}

@misc{CilkPlus,
	Author = {Intel},
	Howpublished = {http://www.cilkplus.org/},
	Title = {{Intel Cilk Plus}},
	Year = {2009}}

@misc{osv,
	Author = {Barco},
	Howpublished = {https://www.barco.com/en/Products/Video-walls/LED-rear-projection-video-walls/OverView-OSV-series},
	Title = {{OverView Seamless Videowall}},
	Year = {2016}}

@misc{tide,
	Author = {{Blue Brain Project}},
	Howpublished = {https://github.com/BlueBrain/Tide},
	Title = {{Tide: Tiled Interactive Display Environment}},
	Year = {2016}}

@misc{brayns,
	Author = {{Blue Brain Project}},
	Howpublished = {https://github.com/BlueBrain/Brayns},
	Title = {{Brayns: Interactive raytracing of neuroscience data}},
	Year = {2017}}

@misc{livre,
	Author = {University of Zurich and Blue Brain Project},
	Howpublished = {https://github.com/BlueBrain/Livre},
	Title = {{Largescale Interactive Volume Rendering Engine}},
	Year = {2016}}

@misc{pression,
	Author = {Eyescale Software GmbH and Blue Brain Project},
	Howpublished = {https://github.com/Eyescale/Pression},
	Title = {{Compression and data transfer plugins}},
	Year = {2016}}

@misc{snappy,
	Author = {opensource@google.com},
	Howpublished = {https://github.com/google/snappy},
	Title = {{A fast compressor/decompressor}},
	Year = {2016}}

@misc{zstd,
	Author = {Facebook, Inc},
	Howpublished = {https://github.com/facebook/zstd},
	Title = {{Fast real-time compression algorithm}},
	Year = {2016}}

@misc{cppnetlib,
	Author = {Dean Michael Berris; Glyn Matthews; {Google, Inc}},
	Howpublished = {http://cpp-netlib.org/},
	Title = {{The C++ Network Library Project}},
	Year = {2017}}

@misc{jsonschema,
	Author = {{JSON Schema}},
	Howpublished = {http://json-schema.org/},
	Title = {{JSON Schema}},
	Year = {2017}}

@misc{flatbuffers,
    Author = {{Google, Inc}},
	Howpublished = {http://google.github.io/flatbuffers/},
    Title = {{Cross Platform Serialization Library}},
	Year = {2017}}

@article{CKP:12,
	Author = {Cho, Yongjoo and Kim, Minyoung and Park, Kyoung Shin},
	Journal = {The Visual Computer},
	Number = {1},
	Pages = {99--109},
	Title = {{LOTUS}: Composing a Multi-user Interactive Tiled Display Virtual Environment},
	Volume = {28},
	Year = {2012}}

@article{KR:04,
	Author = {Korch, Matthias and Rauber, Thomas},
	Date-Modified = {2015-06-24 13:32:27 +0000},
	Doi = {10.1002/cpe.745},
	Issn = {1532-0634},
	Journal = {Concurrency and Computation: Practice and Experience},
	Keywords = {task pools, dynamic task scheduling, irregular algorithms, hierarchical radiosity, volume rendering, performance evaluation, threads},
	Number = {1},
	Pages = {1--47},
	Publisher = {John Wiley & Sons, Ltd.},
	Title = {A comparison of task pools for dynamic load balancing of irregular algorithms},
	Url = {http://dx.doi.org/10.1002/cpe.745},
	Volume = {16},
	Year = {2004},
	Bdsk-Url-1 = {http://dx.doi.org/10.1002/cpe.745}}

@inproceedings{CT:08,
	Author = {Cederman, Daniel and Tsigas, Philippas},
	Booktitle = {Proceedings ACM SIGGRAPH/EUROGRAPHICS Symposium on Graphics Hardware},
	Date-Modified = {2015-06-24 13:34:44 +0000},
	Isbn = {978-3-905674-09-5},
	Location = {Sarajevo, Bosnia and Herzegovina},
	Numpages = {8},
	Pages = {57--64},
	Title = {On Dynamic Load Balancing on Graphics Processors},
	Url = {http://dl.acm.org/citation.cfm?id=1413957.1413967},
	Year = {2008},
	Bdsk-Url-1 = {http://dl.acm.org/citation.cfm?id=1413957.1413967}}

@inproceedings{HBBES:13,
	Acmid = {2602128},
	Address = {Aire-la-Ville, Switzerland, Switzerland},
	Author = {Hernando, J. B. and Biddiscombe, J. and Bohara, B. and Eilemann, S. and Sch\"{u}rmann, F.},
	Booktitle = {Proceedings of the 13th Eurographics Symposium on Parallel Graphics and Visualization},
	Doi = {10.2312/EGPGV/EGPGV13/049-056},
	Isbn = {978-3-905674-45-3},
	Location = {Girona, Spain},
	Numpages = {8},
	Pages = {49--56},
	Publisher = {Eurographics Association},
	Series = {EGPGV},
	Title = {{Practical Parallel Rendering of Detailed Neuron Simulations}},
	Url = {http://dx.doi.org/10.2312/EGPGV/EGPGV13/049-056},
	Year = {2013},
	Bdsk-Url-1 = {http://dx.doi.org/10.2312/EGPGV/EGPGV13/049-056}}

@inproceedings{EBAHMP:12,
	Author = {Eilemann, Stefan and Bilgili, Ahmet and Abdellah, Marwan and Hernando, Juan and Makhinya, Maxim and Pajarola, Renato and Sch{\"u}rmann, Felix},
	Booktitle = {EGPGV},
	Pages = {109--117},
	Title = {{Parallel Rendering on Hybrid Multi-GPU Clusters.}},
	Year = {2012}}

@inproceedings{SPEP:16,
	Author = {Steiner, David and Paredes, Enrique G. and Eilemann, Stefan and Pajarola, Renato},
	Booktitle = {Proceedings Eurographics Symposium on Parallel Graphics and Visualization},
	Date-Modified = {2017-01-04 11:00:49 +0000},
	Doi = {10.2312/pgv.20161185},
	Keywords = {visualization, graphics, parallel rendering, load balancing, large scale},
	Pages = {89--98},
	Title = {Dynamic Work Packages in Parallel Rendering},
	Year = {2016},
	Bdsk-Url-1 = {http://dx.doi.org/10.2312/pgv.20161185}}

@inproceedings{FNTTL:13,
	Author = {Febretti, Alessandro and Nishimoto, Arthur and Thigpen, Terrance and Talandis, Jonas and Long, Lance and Pirtle, JD and Peterka, Tom and Verlo, Alan and Brown, Maxine and Plepys, Dana and others},
	Booktitle = {IS\&T/SPIE Electronic Imaging},
	Organization = {International Society for `Optic`s and Photonics},
	Pages = {864903--864903},
	Title = {CAVE2: a hybrid reality environment for immersive simulation and information analysis},
	Year = {2013}}

@inproceedings{MEP:10,
	Acmid = {2386226},
	Address = {Aire-la-Ville, Switzerland, Switzerland},
	Author = {Makhinya, M. and Eilemann, S. and Pajarola, R.},
	Booktitle = {Proceedings of the 10th Eurographics Conference on Parallel Graphics and Visualization},
	Doi = {10.2312/EGPGV/EGPGV10/111-120},
	Isbn = {978-3-905674-21-7},
	Location = {Norrk\&\#246;ping, Sweden},
	Numpages = {10},
	Pages = {111--120},
	Publisher = {Eurographics Association},
	Series = {EGPGV},
	Title = {{Fast Compositing for Cluster-Parallel Rendering}},
	Url = {http://dx.doi.org/10.2312/EGPGV/EGPGV10/111-120},
	Year = {2010},
	Bdsk-Url-1 = {http://dx.doi.org/10.2312/EGPGV/EGPGV10/111-120}}

@inproceedings{Sage2,
	Author = {Marrinan, Thomas and Aurisano, Jillian and Nishimoto, Arthur and Bharadwaj, Krishna and Mateevitsi, Victor and Renambot, Luc and Long, Lance and Johnson, Andrew and Leigh, Jason},
	Booktitle = {Collaborative Computing: Networking, Applications and Worksharing},
	Doi = {10.4108/icst.collaboratecom.2014.257337},
	Pages = {177--186},
	Title = {{SAGE2: A new approach for data intensive collaboration using Scalable Resolution Shared Displays}},
	Year = {2014},
	Bdsk-Url-1 = {http://dx.doi.org/10.4108/icst.collaboratecom.2014.257337}}

@article{Sage,
     author = {DeFanti, Thomas A. and Leigh, Jason and Renambot, Luc and Jeong, Byungil and Verlo, Alan and Long, Lance and Brown, Maxine and Sandin, Daniel J. and Vishwanath, Venkatram and Liu, Qian and Katz, Mason J. and Papadopoulos, Philip and Keefe, Joseph P. and Hidley, Gregory R. and Dawe, Gregory L. and Kaufman, Ian and Glogowski, Bryan and Doerr, Kai-Uwe and Singh, Rajvikram and Girado, Javier and Schulze, Jurgen P. and Kuester, Falko and Smarr, Larry},
     title = {The OptIPortal, a Scalable Visualization, Storage, and Computing Interface Device for the OptiPuter},
     journal = {Future Gener. Comput. Syst.},
     issue_date = {February, 2009},
     volume = {25},
     number = {2},
     month = feb,
     year = {2009},
     issn = {0167-739X},
     pages = {114--123},
     numpages = {10},
     url = {http://dx.doi.org/10.1016/j.future.2008.06.016},
     doi = {10.1016/j.future.2008.06.016},
     acmid = {1414287},
     publisher = {Elsevier Science Publishers B. V.},
     address = {Amsterdam, The Netherlands, The Netherlands},
}

@conference{KBBC:05,
	Abstract = {In this article we present Tuio, a simple yet versatile protocol designed specifically to meet the requirements of table-top tangible user interfaces. Inspired by the idea of interconnecting various existing table interfaces such as the <a href=http //www.iua.upf.edu/mtg/publicacions.php?lng=eng\&aul=3\&did=256> reacTable*</a> , being developed in Barcelona and the tDesk from Bielefeld, this protocol defines common properties of controller objects on the table surface as well as of finger and hand gestures performed by the user. Currently this protocol has been implemented within a fiducial marker-based computer vision engine developed for the reacTable* project. This fast and robust computer vision engine is based on the original d-touch concept, which is also included as an alternative to the newer fiducial tracking engine. The computer vision framework has been implemented on various standard platforms and can be extended with additional sensor components. We are currently working on the tracking of finger-tips for gestural control within the table interface. The Tuio protocol has been implemented using OpenSound Control [4] and is therefore usable on any platform supporting this protocol. At the moment we have working implementations for Java, C++, PureData, Max/MSP, SuperCollider and Flash.},
	Author = {Kaltenbrunner, M. and Bovermann, T. and Bencina, R. and Costanza, E.},
	Title = {TUIO A Protocol for Table-Top Tangible User Interfaces},
	Url = {files/publications/07a830-GW2005-KaltenBoverBencinaConstanza.pdf},
	Year = {2005},
	Bdsk-Url-1 = {files/publications/07a830-GW2005-KaltenBoverBencinaConstanza.pdf}}

@inproceedings{LK:09,
	Author = {M. Lambers and A. Kolb},
	Booktitle = {2009 IEEE International Geoscience and Remote Sensing Symposium},
	Doi = {10.1109/IGARSS.2009.5417596},
	Issn = {2153-6996},
	Keywords = {geophysical techniques;geophysics computing;remote sensing;virtual reality;GPU-based framework;distributed interactive 3D visualization;multimodal remote sensing data;multiple graphics processing units;virtual reality;Computer displays;Data visualization;Dynamic range;Graphics;Navigation;Quality assessment;Remote sensing;Rendering (computer graphics);Synthetic aperture radar;Virtual reality;Virtual Reality;Visualization},
	Month = {July},
	Pages = {IV-57-IV-60},
	Title = {{GPU-based framework for distributed interactive 3D visualization of multimodal remote sensing data}},
	Volume = {4},
	Year = {2009},
	Bdsk-Url-1 = {http://dx.doi.org/10.1109/IGARSS.2009.5417596}}

@inproceedings{DisplayCluster,
	Author = {G. P. Johnson and G. D. Abram and B. Westing and P. Navr'til and K. Gaither},
	Booktitle = {2012 IEEE International Conference on Cluster Computing},
	Doi = {10.1109/CLUSTER.2012.78},
	Issn = {1552-5244},
	Keywords = {authoring languages;data visualisation;display devices;image resolution;interactive systems;multimedia computing;parallel processing;DisplayCluster;Microsoft Kinect;Python-based scripting interface;built-in media viewing capability;cluster-driven tiled displays;desktop-like windowing system;high-performance parallel visualization applications;high-resolution tiled display systems;hundred-mega pixel dynamic content;interactive streaming;interactive visualization environment;joysticks;laptops;large-scale remote visualization clusters;multimodal interaction;multiuser;remote visualization machines;smart phones;ultra high-resolution imagery;video content;Bandwidth;Image coding;Image resolution;Libraries;Media;Rendering (computer graphics);Streaming media;displays;high performance computing;human computer interaction;visualization;wide area networks},
	Month = {Sept},
	Pages = {239-247},
	Title = {{DisplayCluster: An Interactive Visualization Environment for Tiled Displays}},
	Year = {2012},
	Bdsk-Url-1 = {http://dx.doi.org/10.1109/CLUSTER.2012.78}}

@inproceedings{Omegalib,
	Author = {A. Febretti and A. Nishimoto and V. Mateevitsi and L. Renambot and A. Johnson and J. Leigh},
	Booktitle = {2014 IEEE Virtual Reality (VR)},
	Doi = {10.1109/VR.2014.6802043},
	Issn = {1087-8270},
	Keywords = {data visualisation;rendering (computer graphics);virtual reality;2D/3D environment;CAVE2 system;HRE;Omegalib;OpenGL;OpenSceneGraph;VTK;Visualization Toolkit;best-in-class capability;cluster-controlled display system;distributed compositing manager;dynamic reconfigurability;hybrid reality display environments;hybrid reality environment;immersive environment;information-rich analysis;large-scale visualization instrument;multiview application framework;pluggable front-end;rendering results;resolution matching human visual acuity;software framework;third-party library;ultra-high-resolution display wall;virtual reality simulation exploration;Collaboration;Operating systems;Rendering (computer graphics);Runtime;Three-dimensional displays;Visualization;Cluster;Immersive Environments;Middleware;Multi-view;Tiled Displays},
	Month = {March},
	Pages = {9-14},
	Title = {{Omegalib: A multi-view application framework for hybrid reality display environments}},
	Year = {2014},
	Bdsk-Url-1 = {http://dx.doi.org/10.1109/VR.2014.6802043}}

@inproceedings{deflect,
	Author = {D. Nachbaur and R. Dumusc and A. Bilgili and J. Hernando and S. Eilemann},
	Booktitle = {Large Data Analysis and Visualization (LDAV), 2014 IEEE 4th Symposium on},
	Doi = {10.1109/LDAV.2014.7013217},
	Keywords = {geometry;interactive systems;rendering (computer graphics);software engineering;geometrical models;hardware stack;high-resolution tiled display walls;interactive framerates;production environment;remote parallel rendering;software components;software stack;volumetric models;Data visualization;Equalizers;Hardware;Libraries;Rendering (computer graphics);Software;Streaming media;interactive remote rendering;parallel rendering;tiled displays},
	Month = {Nov},
	Pages = {117-118},
	Title = {{Remote parallel rendering for high-resolution tiled display walls}},
	Year = {2014},
	Bdsk-Url-1 = {http://dx.doi.org/10.1109/LDAV.2014.7013217}}

@inproceedings{Hernando13,
    author = {Hernando, J. B. and Biddiscombe, J. and Bohara, B. and Eilemann, S. and Sch\"{u}rmann, F.},
    title = {Practical Parallel Rendering of Detailed Neuron Simulations},
    booktitle = {Proceedings of the 13th Eurographics Symposium on Parallel Graphics and Visualization},
    series = {EGPGV '13},
    year = {2013},
    isbn = {978-3-905674-45-3},
    location = {Girona, Spain},
    pages = {49--56},
    numpages = {8},
    url = {http://dx.doi.org/10.2312/EGPGV/EGPGV13/049-056},
    doi = {10.2312/EGPGV/EGPGV13/049-056},
    acmid = {2602128},
    publisher = {Eurographics Association},
    address = {Aire-la-Ville, Switzerland, Switzerland},
    }

@article{markram2015reconstruction,
	Author = {Markram, Henry and Muller, Eilif and Ramaswamy, Srikanth and Reimann, Michael W and Abdellah, Marwan and others},
	Journal = {Cell},
	Number = {2},
	Pages = {456--492},
	Publisher = {Elsevier},
	Title = {Reconstruction and simulation of neocortical microcircuitry},
	Volume = {163},
	Year = {2015}}

@article{pgm,
	Author = {J. Gemmell and T. Montgomery and T. Speakman and J. Crowcroft},
	Doi = {10.1109/MNET.2003.1174173},
	Issn = {0890-8044},
	Journal = {IEEE Network},
	Month = {Jan},
	Number = {1},
	Pages = {16-22},
	Title = {{The PGM reliable multicast protocol}},
	Volume = {17},
	Year = {2003},
	Bdsk-Url-1 = {http://dx.doi.org/10.1109/MNET.2003.1174173}}

@techreport{adamson2004negative,
	Author = {Adamson, B and Bormann, C and Handley, M and Macker, J},
	Title = {Negative-acknowledgment (NACK)-oriented reliable multicast (NORM) protocol},
	Year = {2004}}

@article{Gau:2002:MFC:506824.506832,
	Acmid = {506832},
	Address = {Piscataway, NJ, USA},
	Author = {Gau, Rung-Hung and Haas, Zygmunt J. and Krishnamachari, Bhaskar},
	Doi = {10.1109/90.986549},
	Issn = {1063-6692},
	Issue_Date = {February 2002},
	Journal = {IEEE/ACM Trans. Netw.},
	Keywords = {Multicast, flow control, optimization, partition},
	Month = feb,
	Number = {1},
	Numpages = {16},
	Pages = {86--101},
	Publisher = {IEEE Press},
	Title = {On Multicast Flow Control for Heterogeneous Receivers},
	Url = {http://dx.doi.org/10.1109/90.986549},
	Volume = {10},
	Year = {2002},
	Bdsk-Url-1 = {http://dx.doi.org/10.1109/90.986549}}

@article{jesperfast,
	Author = {Jesper, Jansson and Sadakane, Kunihiko and Sung, Wing-Kin},
	Title = {Fast LZ-compression Algorithm}}
